"","time_id","seconds_in_bucket","bid_price1","ask_price1","bid_price2","ask_price2","bid_size1","ask_size1","bid_size2","ask_size2","stock_id"
"1",5,0,1.0010504,1.0033859,0.9997034,1.0033921,6,101,9,6,18
"2",5,2,1.0010504,1.0033859,0.9997034,1.0034044,6,101,9,100,18
"3",5,3,1.0010504,1.0033859,0.9997034,1.0034044,1,101,9,100,18
"4",5,4,1.0010504,1.0033859,0.9997034,1.0054125,1,108,9,1,18
"5",5,7,1.0010504,1.0033797,0.9997034,1.0033859,1,101,9,7,18
"6",5,9,1.0010504,1.0033797,0.9997034,1.0033859,2,101,9,7,18
"7",5,12,1.001557,1.0033797,1.0010504,1.0033859,5,101,2,7,18
"8",5,13,1.001557,1.0033797,1.0010504,1.0033859,1,101,1,7,18
"9",5,14,1.001557,1.0033797,0.9997034,1.0033859,6,101,9,7,18
"10",5,16,1.001557,1.0033797,1.0007908,1.0033859,7,101,100,7,18
"11",5,17,1.001557,1.0033797,1.0007908,1.0033859,7,101,100,7,18
"12",5,18,1.001557,1.0033797,1.0007908,1.0033859,2,101,100,7,18
"13",5,19,1.0029348,1.0055546,1.0024652,1.0057153,5,3,1,7,18
"14",5,20,1.0024652,1.0055546,1.0007908,1.0057153,1,3,100,7,18
"15",5,22,1.0029348,1.0055546,1.0024652,1.0057153,5,3,1,7,18
"16",5,23,1.0024714,1.0047884,1.0007908,1.0055546,6,2,100,3,18
"17",5,24,1.0024714,1.0049305,1.0007908,1.0049553,1,2,100,2,18
"18",5,27,1.0024714,1.004912,1.0000371,1.0055546,6,2,21,3,18
"19",5,28,1.0024714,1.0048934,1.0000371,1.0055546,1,2,21,3,18
"20",5,30,1.0024714,1.004498,1.0000371,1.0048873,5,100,21,3,18
"21",5,31,1.0024714,1.0045413,1.0020143,1.0048996,5,3,39,100,18
"22",5,35,1.0024714,1.0045413,1.0020143,1.0055546,5,3,39,3,18
"23",5,36,1.0024714,1.0044549,1.0020143,1.0045413,5,100,39,3,18
"24",5,46,1.0024714,1.0044549,1.0020143,1.0045413,1,100,39,3,18
"25",5,48,1.0024714,1.0055546,1.0020143,1.0069818,8,3,39,1,18
"26",5,50,1.0024714,1.0055546,1.0020143,1.0069818,8,5,39,1,18
"27",5,52,1.0024714,1.0055546,1.0020143,1.0069818,3,5,39,1,18
"28",5,53,1.0024714,1.0055546,1.0020143,1.0069818,8,5,39,1,18
"29",5,56,1.0024714,1.0055546,1.0020143,1.0069818,3,5,39,1,18
"30",5,57,1.0024714,1.0055546,1.0020143,1.0069818,7,5,39,1,18
"31",5,59,1.0024714,1.0055546,1.0020143,1.0069818,8,5,39,1,18
"32",5,60,1.0024714,1.0055546,1.0020143,1.0069818,8,5,39,1,18
"33",5,64,1.0024714,1.0055546,1.0020143,1.0059994,8,5,39,100,18
"34",5,65,1.0045351,1.0055546,1.0024714,1.0059994,7,6,1,100,18
"35",5,67,1.0045351,1.0055546,1.0024714,1.0059994,7,6,1,100,18
"36",5,68,1.0045351,1.0068521,1.0020143,1.0077789,8,2,39,3,18
"37",5,70,1.0045351,1.006846,1.0028175,1.0068521,7,3,1,100,18
"38",5,77,1.0045351,1.006846,1.0028175,1.0068521,2,3,1,100,18
"39",5,80,1.0045351,1.0077789,1.0028175,1.0084956,7,3,1,1,18
"40",5,81,1.0028175,1.0065494,1.001971,1.0065556,1,3,43,2,18
"41",5,82,1.00401,1.006018,1.0028175,1.0077789,5,100,1,3,18
"42",5,83,1.00401,1.006018,1.0035651,1.0077789,5,100,1,3,18
"43",5,84,1.00401,1.006018,1.0035651,1.0077789,5,100,3,3,18
"44",5,85,1.00401,1.006018,1.0035651,1.0077789,1,100,2,3,18
"45",5,86,1.00401,1.006018,1.0035651,1.0077789,1,100,2,3,18
"46",5,88,1.00401,1.006018,1.0035651,1.0077789,1,100,2,3,18
"47",5,89,1.00401,1.0067718,1.0035651,1.006778,1,10,1,2,18
"48",5,90,1.00401,1.0067718,1.003942,1.006778,5,12,100,2,18
"49",5,94,1.00401,1.0067718,1.003942,1.0077789,1,10,100,3,18
"50",5,95,1.00401,1.0067718,1.003942,1.0077789,6,10,100,3,18
"51",5,98,1.00401,1.0067718,1.003942,1.0077789,1,10,100,3,18
"52",5,99,1.00401,1.0067718,1.003942,1.0077789,6,10,100,3,18
"53",5,103,1.00401,1.0067718,1.003942,1.0077789,1,10,100,3,18
"54",5,104,1.00401,1.0067718,1.003942,1.0077789,1,10,100,3,18
"55",5,106,1.00401,1.0067718,1.003942,1.0077789,6,10,100,3,18
"56",5,109,1.00401,1.0067718,1.003942,1.0077789,1,10,100,3,18
"57",5,111,1.00401,1.0067718,1.003942,1.0077789,1,13,100,3,18
"58",5,113,1.00401,1.0067718,1.003942,1.0077789,33,13,100,3,18
"59",5,117,1.00401,1.0067718,1.003942,1.0084956,34,14,100,1,18
"60",5,118,1.00401,1.0067718,1.003942,1.0084956,34,14,100,1,18
"61",5,125,1.00401,1.0067718,1.003942,1.0084956,34,14,100,1,18
"62",5,126,1.00401,1.0067718,1.003942,1.0084956,39,16,100,1,18
"63",5,129,1.005431,1.0086007,1.00401,1.0098982,22,10,41,1,18
"64",5,130,1.005431,1.0086007,1.00401,1.0098982,7,10,33,1,18
"65",5,131,1.005431,1.0086007,1.00401,1.0098982,7,10,1,1,18
"66",5,133,1.005431,1.0086007,1.00401,1.0098982,39,10,1,1,18
"67",5,134,1.005431,1.0086007,1.00401,1.0098982,34,10,1,1,18
"68",5,135,1.005431,1.0086007,1.0047452,1.0098982,34,10,38,1,18
"69",5,136,1.005431,1.0086007,1.0047452,1.0098982,39,10,38,1,18
"70",5,138,1.005431,1.0086007,1.0047452,1.0098982,34,10,38,1,18
"71",5,139,1.005431,1.0086007,1.0047452,1.0098982,35,10,38,1,18
"72",5,140,1.005431,1.0086007,1.0047452,1.0098982,36,10,38,1,18
"73",5,144,1.005431,1.0086007,1.0047452,1.0098982,35,10,38,1,18
"74",5,149,1.005431,1.0086007,1.0047452,1.0087057,36,10,38,39,18
"75",5,153,1.005431,1.0086007,1.0047452,1.0087057,32,10,38,39,18
"76",5,154,1.005431,1.0086007,1.0049862,1.0087057,32,10,2,39,18
"77",5,155,1.005431,1.0086007,1.0049862,1.0098982,37,10,2,1,18
"78",5,156,1.005431,1.0086007,1.0049862,1.0098982,37,10,3,1,18
"79",5,158,1.005431,1.0086007,1.0049862,1.0098982,32,10,3,1,18
"80",5,159,1.005431,1.0086007,1.0049862,1.0098982,32,10,3,1,18
"81",5,163,1.005431,1.0086007,1.0049862,1.0098982,32,10,3,1,18
"82",5,166,1.0054373,1.0086007,1.005431,1.0098982,2,10,32,1,18
"83",5,167,1.0062652,1.0083535,1.0054373,1.0086007,5,100,2,10,18
"84",5,169,1.0063145,1.0083535,1.0049862,1.0086007,3,100,1,10,18
"85",5,170,1.0063145,1.0083535,1.0049862,1.0086007,8,100,1,10,18
"86",5,171,1.0063145,1.0083535,1.0049862,1.0086007,40,100,1,10,18
"87",5,172,1.0063145,1.0083535,1.0049862,1.0086007,35,100,1,10,18
"88",5,173,1.0063145,1.0083535,1.0049862,1.0086007,36,100,1,10,18
"89",5,177,1.0063145,1.0086007,1.0062219,1.0099044,33,10,2,43,18
"90",5,178,1.0063145,1.0086007,1.0062219,1.0099044,38,10,3,43,18
"91",5,181,1.0063145,1.0083535,1.0062219,1.0086007,38,100,3,10,18
"92",5,182,1.0063145,1.0083535,1.0062219,1.0086007,33,100,3,10,18
"93",5,184,1.0063145,1.0086007,1.0062219,1.0099044,33,10,1,43,18
"94",5,185,1.0063145,1.0086007,1.0062219,1.0099044,33,10,1,43,18
"95",5,187,1.0063145,1.0086007,1.0062219,1.0099044,37,10,1,43,18
"96",5,188,1.0063145,1.0086007,1.0062219,1.0099044,33,10,1,43,18
"97",5,190,1.0063145,1.0083535,1.0062219,1.0086007,33,100,1,10,18
"98",5,191,1.0063145,1.0083535,1.0062219,1.0086007,32,100,1,10,18
"99",5,192,1.0063145,1.0083535,1.0062219,1.0086007,32,100,1,10,18
"100",5,197,1.0063145,1.0083535,1.0062219,1.0086007,36,100,1,10,18
"101",5,198,1.0063145,1.0083535,1.0062219,1.0086007,36,100,2,10,18
"102",5,201,1.0063145,1.0083535,1.0062219,1.0086007,32,200,2,10,18
"103",5,206,1.0063145,1.0083535,1.0062219,1.0086007,32,200,2,10,18
"104",5,207,1.0063145,1.0083535,1.0062219,1.0086007,33,200,2,10,18
"105",5,213,1.0063145,1.0083535,1.0062219,1.0086007,32,200,2,10,18
"106",5,214,1.0063145,1.0083535,1.0062219,1.0086007,36,201,2,10,18
"107",5,216,1.0063145,1.0083474,1.0062219,1.0083535,32,4,2,101,18
"108",5,217,1.0052828,1.0083474,1.0049862,1.0083535,120,4,1,1,18
"109",5,218,1.00401,1.0072846,1.0038987,1.0083474,1,100,58,4,18
"110",5,219,1.00401,1.0072722,1.0038987,1.0072846,1,41,58,200,18
"111",5,220,1.00401,1.0072722,1.0038987,1.0072846,1,41,58,200,18
"112",5,225,1.00401,1.0072722,1.0038987,1.0072846,1,41,58,201,18
"113",5,226,1.00401,1.0072722,1.0038987,1.0072846,6,41,58,201,18
"114",5,229,1.00401,1.0072722,1.0038987,1.0072846,1,41,58,101,18
"115",5,230,1.00401,1.0072352,1.0038987,1.0072722,1,1,58,41,18
"116",5,233,1.0032067,1.0056225,1.0021626,1.0072352,25,100,1,1,18
"117",5,234,1.0032067,1.0056225,1.0021626,1.0072352,25,100,1,1,18
"118",5,235,1.0032067,1.0056225,1.0021626,1.0072352,25,100,1,1,18
"119",5,236,1.0032067,1.0056225,1.0021626,1.0072352,20,100,1,1,18
"120",5,237,1.0032067,1.0056225,1.0021626,1.0072352,21,100,1,1,18
"121",5,239,1.0032067,1.0056225,1.0021626,1.0072352,20,100,1,1,18
"122",5,241,1.0032067,1.0056225,1.0021626,1.0072352,25,100,1,1,18
"123",5,242,1.0032067,1.0056164,1.0021626,1.0056225,20,45,1,100,18
"124",5,245,1.0032067,1.0051407,1.0021626,1.0056164,20,1,1,204,18
"125",5,246,1.0036268,1.0056164,1.0032067,1.0072352,5,306,20,1,18
"126",5,247,1.0036268,1.0056164,1.0032067,1.0072352,4,306,20,1,18
"127",5,248,1.0036268,1.0056164,1.0032067,1.0072352,5,308,20,1,18
"128",5,249,1.0032067,1.0056164,1.0021626,1.0072352,20,308,1,1,18
"129",5,252,1.0036268,1.0056164,1.0032067,1.0072352,5,308,20,1,18
"130",5,253,1.0036268,1.0056164,1.0032067,1.0072352,5,308,20,1,18
"131",5,254,1.0021626,1.0044116,1.0010936,1.0056164,1,40,9,308,18
"132",5,255,1.0021626,1.0048565,1.0010936,1.0056164,1,300,9,8,18
"133",5,257,1.0021626,1.0048565,1.001557,1.0056164,1,300,100,8,18
"134",5,266,1.0021626,1.0048565,1.001557,1.0056164,1,300,100,4,18
"135",5,269,1.001557,1.0047328,1.0010936,1.0048565,100,40,9,200,18
"136",5,270,1.0015632,1.0048565,1.001557,1.0056164,100,300,100,4,18
"137",5,273,1.0015694,1.0048565,1.0015632,1.0056164,110,100,10,4,18
"138",5,274,1.0015694,1.0048565,1.0015632,1.0056164,10,100,10,4,18
"139",5,275,1.0015756,1.0048503,1.0015694,1.0048565,100,46,10,100,18
"140",5,277,1.001557,1.0048503,1.0010936,1.0048565,100,46,9,100,18
"141",5,280,1.001557,1.0048441,1.0010936,1.0048503,110,4,9,46,18
"142",5,282,1.0015632,1.0048441,1.001557,1.0048503,110,4,110,46,18
"143",5,288,1.001557,1.0048441,1.0010936,1.0048503,110,104,9,46,18
"144",5,289,1.0015632,1.0048441,1.001557,1.0048503,110,104,112,46,18
"145",5,291,1.0015632,1.0048441,1.001557,1.0048503,210,104,112,46,18
"146",5,302,1.0015632,1.0048441,1.001557,1.0048503,210,105,112,46,18
"147",5,306,1.0015818,1.0048441,1.0015756,1.0048503,110,105,102,46,18
"148",5,307,1.0015818,1.0048441,1.0015756,1.0048503,210,105,102,46,18
"149",5,312,1.0015818,1.0048379,1.0015756,1.0048441,210,200,102,5,18
"150",5,314,1.0015818,1.0048379,1.0015756,1.0048441,210,300,102,5,18
"151",5,315,1.0015818,1.0048379,1.0015756,1.0048441,210,301,102,4,18
"152",5,327,1.0015818,1.0048379,1.0015756,1.0048441,210,307,102,4,18
"153",5,328,1.0015818,1.0048317,1.0015756,1.0048379,210,100,102,107,18
"154",5,329,1.0015818,1.0048317,1.0015756,1.0048379,210,101,102,106,18
"155",5,330,1.0015818,1.0048317,1.0015756,1.0048379,210,101,102,6,18
"156",5,331,1.0019833,1.0048317,1.0015818,1.0048379,8,201,210,6,18
"157",5,333,1.0019833,1.0048317,1.0015818,1.0048379,8,200,210,6,18
"158",5,335,1.0019833,1.0048317,1.0015818,1.0048379,8,200,100,6,18
"159",5,336,1.0019895,1.0048317,1.0019833,1.0048379,200,200,108,6,18
"160",5,337,1.0019895,1.0048317,1.0019833,1.0048379,200,200,108,6,18
"161",5,338,1.0019895,1.0048317,1.0019833,1.0048379,300,200,8,6,18
"162",5,341,1.0019957,1.0048255,1.0019895,1.0048317,100,4,100,200,18
"163",5,342,1.0020019,1.0048255,1.0019957,1.0048317,12,14,112,200,18
"164",5,343,1.0020081,1.0048255,1.0020019,1.0048317,12,14,112,200,18
"165",5,344,1.0020204,1.0048255,1.0020143,1.0048317,212,14,12,300,18
"166",5,345,1.0020204,1.0048255,1.0020143,1.0048317,312,14,12,300,18
"167",5,347,1.0020204,1.0048255,1.0020143,1.0048317,314,20,12,300,18
"168",5,349,1.0030028,1.0048317,1.0020204,1.0086007,37,12,102,10,18
"169",5,350,1.0020266,1.0048317,1.0020204,1.0074143,100,112,102,1,18
"170",5,351,1.0020266,1.0048317,1.0020204,1.0074143,100,112,2,1,18
"171",5,352,1.0020266,1.0048317,1.0020204,1.0074143,45,112,2,1,18
"172",5,355,1.0020328,1.0048317,1.0020266,1.0074143,100,12,45,1,18
"173",5,358,1.002039,1.0048317,1.0020328,1.0074143,100,12,100,1,18
"174",5,361,1.0020452,1.0048317,1.002039,1.0074143,100,12,100,1,18
"175",5,365,1.0020514,1.0040162,1.0020452,1.0074143,100,12,100,1,18
"176",5,367,1.0020822,1.0040162,1.002076,1.0074143,412,12,2,1,18
"177",5,368,1.0020822,1.0040162,1.002076,1.0074143,512,12,2,1,18
"178",5,369,1.0020822,1.0040162,1.002076,1.0074143,515,12,2,1,18
"179",5,371,1.0020822,1.0040162,1.002076,1.0074143,512,12,2,1,18
"180",5,373,1.0020945,1.0040162,1.0020884,1.0074143,112,12,12,1,18
"181",5,374,1.0021007,1.0040162,1.0020945,1.0074143,100,12,12,1,18
"182",5,375,1.002076,1.0040162,1.0020514,1.0074143,2,12,100,1,18
"183",5,376,1.0020514,1.0040162,1.0020266,1.0074143,100,12,45,1,18
"184",5,381,1.0020514,1.0040162,1.0020266,1.0074143,100,17,45,1,18
"185",5,388,1.0020514,1.0032561,1.0020266,1.0074143,100,17,45,1,18
"186",5,390,1.0023602,1.0044549,1.0020514,1.0074143,12,200,100,1,18
"187",5,391,1.0023602,1.0044549,1.0020514,1.0074143,12,300,100,1,18
"188",5,395,1.0020266,1.0044549,1.0016682,1.0074143,45,300,100,1,18
"189",5,407,1.0020266,1.0044549,1.0016682,1.0074143,45,100,100,1,18
"190",5,408,1.0020266,1.0044487,1.0016682,1.0074143,57,200,102,1,18
"191",5,409,1.0010936,1.0032376,1.000309,1.0060736,9,200,1,48,18
"192",5,411,1.000309,1.0027063,0.9997034,1.0060736,103,200,2,48,18
"193",5,412,1.0009515,1.0027063,1.000309,1.0060736,12,200,103,48,18
"194",5,414,1.0009515,1.0060736,1.000309,1.0070498,1,48,100,1,18
"195",5,415,1.0009639,1.0060736,1.0009577,1.0070498,3,48,2,1,18
"196",5,416,1.0009639,1.0042509,1.0009577,1.0060736,3,1,2,48,18
"197",5,418,1.0009639,1.0042509,1.0009577,1.0043436,3,1,2,100,18
"198",5,423,1.000309,1.0042509,0.9997034,1.0043436,122,1,2,100,18
"199",5,426,1.0009515,1.0042509,1.000309,1.0043436,56,1,122,100,18
"200",5,433,1.0009515,1.0042509,1.000309,1.0043436,56,1,122,100,18
"201",5,436,1.0009515,1.0042509,1.000309,1.0043436,56,1,122,100,18
"202",5,442,1.0009515,1.0042509,1.000309,1.0043436,56,9,122,100,18
"203",5,445,1.0009515,1.0042509,1.000309,1.0043436,56,9,101,100,18
"204",5,449,1.0009515,1.0042509,1.000309,1.0043436,68,1,101,100,18
"205",5,450,1.0009515,1.0043436,1.000309,1.0060736,68,100,101,48,18
"206",5,457,1.0009515,1.0042447,1.000309,1.0043436,68,1,101,100,18
"207",5,463,1.0015632,1.0042447,1.0009515,1.0043436,6,1,57,100,18
"208",5,465,1.0015632,1.0042447,1.0011183,1.0043436,6,1,1,100,18
"209",5,466,1.0015632,1.0042447,1.0009515,1.0043436,6,1,57,100,18
"210",5,478,1.0009515,1.0042385,1.000309,1.0043436,67,1,101,100,18
"211",5,479,1.0012295,1.0042385,1.0009515,1.0043436,10,1,57,100,18
"212",5,481,1.0009515,1.0042385,1.0005066,1.0043436,56,1,1,100,18
"213",5,486,1.0009515,1.0042385,1.000309,1.0043436,56,1,101,100,18
"214",5,497,1.0009515,1.0042385,1.000309,1.0043436,56,1,109,100,18
"215",5,498,1.0009515,1.0042385,1.000309,1.0043436,157,1,108,100,18
"216",5,499,1.001557,1.0042262,1.0009515,1.0042385,1,81,156,1,18
"217",5,500,1.001557,1.0042262,1.0009515,1.0042385,2,81,156,1,18
"218",5,501,1.001557,1.0042262,1.0009515,1.0042385,2,181,156,1,18
"219",5,502,1.001557,1.0042262,1.0009515,1.0042385,22,281,156,1,18
"220",5,503,1.001557,1.0041335,1.0009515,1.0042262,22,7,156,200,18
"221",5,518,1.001557,1.0041335,1.0009515,1.0042262,22,8,156,200,18
"222",5,523,1.001557,1.0041274,1.0009515,1.0041335,22,100,156,8,18
"223",5,529,1.001557,1.0041274,1.0009515,1.0041335,23,100,156,8,18
"224",5,530,1.001557,1.0041274,1.0009515,1.0041335,23,107,156,1,18
"225",5,536,1.0015818,1.0041274,1.0015756,1.0041335,113,107,12,1,18
"226",5,537,1.0015941,1.0041274,1.0015818,1.0041335,113,107,12,1,18
"227",5,538,1.0015941,1.0041274,1.0015818,1.0041335,9,107,12,1,18
"228",5,539,1.0015941,1.0041274,1.0015818,1.0042262,9,108,12,200,18
"229",5,540,1.0016065,1.0041274,1.0016003,1.0042262,213,8,12,200,18
"230",5,541,1.001625,1.0041274,1.0016189,1.0042262,13,8,2,200,18
"231",5,542,1.0016311,1.0041274,1.001625,1.0042262,101,8,120,200,18
"232",5,545,1.0016311,1.0041274,1.001625,1.0042262,109,8,112,200,18
"233",5,546,1.0016497,1.0041274,1.0016311,1.0042262,1,8,8,200,18
"234",5,547,1.0016497,1.0041274,1.001625,1.0042262,9,8,112,200,18
"235",5,549,1.0016497,1.0041274,1.001625,1.0042262,10,8,112,200,18
"236",5,550,1.0016497,1.0041274,1.001625,1.0042262,1,8,12,200,18
"237",5,551,1.0012048,1.0041212,1.0009515,1.0041274,100,7,56,1,18
"238",5,553,1.0015818,1.0041212,1.0012048,1.0041274,20,7,109,1,18
"239",5,557,1.0015818,1.0041212,1.0011369,1.0041274,20,7,9,1,18
"240",5,558,1.0015818,1.0041212,1.0009515,1.0041274,20,7,56,1,18
"241",5,559,1.0015818,1.0041212,1.0009515,1.0042262,20,7,56,200,18
"242",5,561,1.0009515,1.004115,1.000309,1.0041212,56,120,9,7,18
"243",5,562,1.0003151,1.0041212,1.000309,1.0042262,100,7,9,200,18
"244",5,563,0.9997529,1.003009,0.9997034,1.0041212,2,100,2,8,18
"245",5,564,0.9997529,1.0029101,0.9997034,1.003009,2,61,2,100,18
"246",5,567,0.9997529,1.0029101,0.9997034,1.0030028,2,20,2,1,18
"247",5,568,0.9997034,1.003009,0.998721,1.0041212,2,100,100,7,18
"248",5,570,0.9997034,1.0029163,0.998721,1.003009,2,100,100,100,18
"249",5,571,0.9997034,1.0029163,0.998721,1.003009,14,100,100,100,18
"250",5,579,0.9997034,1.0029101,0.998721,1.0029163,14,1,100,100,18
"251",5,589,0.9997034,1.0021749,0.998721,1.0029101,2,1,100,1,18
"252",5,590,0.9997096,1.0021749,0.9997034,1.0029101,100,1,102,1,18
"253",5,591,0.9997096,1.0021749,0.9997034,1.0029101,200,1,102,1,18
"254",5,593,0.9997158,1.0021749,0.9997096,1.0029101,100,1,100,1,18
"255",5,594,0.9997158,1.0021749,0.9997096,1.0029101,100,1,100,1,18
"256",5,596,0.9997158,1.0021749,0.9997096,1.0029101,200,1,100,1,18
"257",5,599,0.9997158,1.0021749,0.9997096,1.0029163,100,1,100,201,18
"258",11,0,0.9994675,1.0008981,0.99727374,1.0009087,6,2,109,103,18
"259",11,1,0.9994675,1.0008981,0.99727374,1.0009087,6,3,109,103,18
"260",11,5,0.99909127,1.0008981,0.99746454,1.0009087,1,3,38,103,18
"261",11,9,0.99909127,1.0008981,0.99746454,1.0009087,1,2,38,103,18
"262",11,17,0.99909127,1.0008981,0.99746454,1.0009087,1,3,38,103,18
"263",11,29,0.99909127,1.0008981,0.99746454,1.0009087,1,1,38,104,18
"264",11,31,0.99909127,1.0009087,0.99746454,1.0009352,1,104,38,2,18
"265",11,33,0.99909127,1.0008929,0.99746454,1.0009087,1,103,38,102,18
"266",11,40,0.99909127,1.0008929,0.99746454,1.0009087,7,103,46,102,18
"267",11,45,0.99909127,1.0008929,0.99746454,1.0009087,7,103,38,102,18
"268",11,52,0.99909127,1.0008929,0.9983388,1.0009087,7,103,1,102,18
"269",11,53,0.99909127,1.0008929,0.9983388,1.0009087,7,103,1,101,18
"270",11,63,0.99909127,1.0009087,0.9983388,1.0009458,7,103,1,101,18
"271",11,64,0.99909127,1.0008875,0.9983388,1.0009087,7,3,1,101,18
"272",11,75,0.99909127,1.0009087,0.9983388,1.0009458,7,103,1,101,18
"273",11,77,0.99909127,1.0016506,0.9983388,1.0023872,1,1,1,36,18
"274",11,80,0.99909127,1.0005273,0.9983388,1.0006067,1,5,1,1,18
"275",11,100,0.99909127,1.0005273,0.9983388,1.0006067,9,8,5,1,18
"276",11,113,0.99909127,1.0005273,0.9983388,1.0006067,9,8,1,1,18
"277",11,114,0.99909127,1.0005273,0.9983388,1.0006067,7,8,1,1,18
"278",11,122,0.99909127,0.99992317,0.9983388,1.0005273,7,104,1,2,18
"279",11,123,0.99909127,0.99992317,0.9983388,1.0005273,7,204,1,2,18
"280",11,125,0.99909127,0.99992317,0.9983388,1.0005273,1,207,1,2,18
"281",11,127,0.99909127,0.99992317,0.9983388,1.0000026,1,207,1,101,18
"282",11,130,0.99909127,0.99992317,0.9983388,1.0000026,1,208,1,100,18
"283",11,141,0.99909127,0.99992317,0.9983388,1.0000026,1,205,1,100,18
"284",11,144,0.99909127,0.99992317,0.9983388,1.0000026,1,205,1,100,18
"285",11,152,0.9993986,0.99992317,0.99829644,1.0000026,1,205,10,100,18
"286",11,158,0.99829644,1.0000026,0.9975546,1.0013274,10,100,45,4,18
"287",11,159,0.99829644,1.0000026,0.9975546,1.0013274,10,100,51,4,18
"288",11,160,0.99829644,1.0000026,0.9975546,1.0013274,14,100,55,4,18
"289",11,161,0.99829644,1.0000026,0.9975546,1.0013274,10,100,51,4,18
"290",11,162,0.99829644,1.0000026,0.9975546,1.0013274,10,100,53,4,18
"291",11,170,0.99829644,1.0000026,0.9975546,1.0013274,10,100,53,4,18
"292",11,171,0.99829644,0.99992317,0.9975546,1.0000026,10,1,53,100,18
"293",11,173,0.99829644,1.0016506,0.9975546,1.0023872,10,1,47,36,18
"294",11,176,0.99829644,1.0016506,0.9975546,1.0023872,10,1,153,36,18
"295",11,178,0.99829644,1.0016506,0.9975546,1.0023872,10,1,153,36,18
"296",11,180,0.99877864,1.0016506,0.99829644,1.0023872,1,1,10,36,18
"297",11,186,0.99877864,1.0008875,0.99829644,1.0016506,1,1,10,1,18
"298",11,195,0.99877864,1.0008875,0.99829644,1.0016506,1,1,27,1,18
"299",11,201,0.99877864,1.0008875,0.99829644,1.000967,1,1,27,100,18
"300",11,212,0.9992184,1.0008875,0.99829644,1.000967,1,1,27,100,18
"301",11,220,0.9992184,1.0008875,0.99829644,1.000967,1,1,31,100,18
"302",11,222,0.9992184,1.0008875,0.99829644,1.000967,1,101,31,104,18
"303",11,223,0.9992184,1.0008875,0.99829644,1.000967,1,101,27,104,18
"304",11,243,0.9992184,1.0008875,0.99829644,1.000967,1,1,27,100,18
"305",11,244,0.9992184,1.0005856,0.99829644,1.0008875,1,100,27,1,18
"306",11,247,0.9992184,1.0005856,0.99829644,1.000665,1,100,27,104,18
"307",11,248,0.9992184,1.0005856,0.99829644,1.000665,1,101,27,104,18
"308",11,261,0.99829644,1.0005856,0.99758106,1.000665,27,101,21,104,18
"309",11,264,0.99829644,1.0005856,0.99758106,1.000665,27,101,21,104,18
"310",11,266,0.9988263,1.0005856,0.99829644,1.000665,2,101,27,104,18
"311",11,267,0.9988263,1.0005856,0.99829644,1.000665,2,100,27,104,18
"312",11,280,0.9988263,1.0005856,0.99829644,1.000665,8,100,27,104,18
"313",11,304,0.9988263,0.9998861,0.99829644,1.000665,8,100,27,200,18
"314",11,306,0.9988263,0.9998861,0.99829644,0.99996555,8,100,27,100,18
"315",11,307,0.9988263,0.9998861,0.99829644,0.99996555,8,100,27,104,18
"316",11,313,0.9988263,0.9998861,0.99829644,0.99996555,2,100,27,104,18
"317",11,333,0.9988263,0.9998861,0.99829644,0.99996555,1,100,27,104,18
"318",11,335,0.99829644,0.9998861,0.99758106,0.99996555,27,100,21,104,18
"319",11,336,0.99829644,0.9998861,0.99758637,0.99996555,27,100,21,104,18
"320",11,337,0.99829644,0.9998861,0.99758637,0.99996555,27,200,21,104,18
"321",11,340,0.99829644,0.9998861,0.99758637,0.99996555,40,200,29,104,18
"322",11,341,0.99829644,0.9998861,0.99758637,0.99996555,40,100,29,104,18
"323",11,344,0.99829644,0.9998861,0.99758637,0.99996555,40,100,9,104,18
"324",11,347,0.99829644,0.9998861,0.99758637,0.99996555,36,100,1,104,18
"325",11,352,0.99829644,0.9998861,0.99758637,0.99996555,27,100,1,104,18
"326",11,356,0.99758637,0.99966884,0.99758106,0.9998861,21,20,100,100,18
"327",11,357,0.99758637,0.9998861,0.9975652,0.99996555,21,100,8,104,18
"328",11,360,0.99758637,0.9998861,0.99758106,0.99996555,21,100,100,104,18
"329",11,364,0.99758637,0.9998861,0.99758106,0.99996555,1,100,120,104,18
"330",11,367,0.99758637,0.9998861,0.99758106,0.99996555,21,100,100,104,18
"331",11,368,0.99758637,0.9998861,0.99758106,0.99996555,102,100,100,104,18
"332",11,369,0.9975917,0.9998861,0.99758637,0.99996555,21,100,81,104,18
"333",11,374,0.9975917,0.9998861,0.99758637,0.99996555,1,100,81,104,18
"334",11,375,0.9975917,0.9993562,0.99758637,0.9998861,1,1,101,100,18
"335",11,376,0.9975917,0.9993562,0.99758637,0.9998861,1,1,201,100,18
"336",11,377,0.9975917,0.9993562,0.99758637,0.9998861,21,1,181,100,18
"337",11,384,0.9975917,0.9998808,0.99758637,0.9998861,21,21,181,100,18
"338",11,385,0.9975917,0.9998808,0.99758637,0.9998861,1,21,201,100,18
"339",11,387,0.9975917,0.9998808,0.99758637,0.9998861,21,21,181,100,18
"340",11,389,0.9975917,0.9998861,0.99758637,0.99996555,21,100,100,104,18
"341",11,392,0.997597,0.9998861,0.9975652,0.99996555,21,100,8,104,18
"342",11,395,0.997597,0.9998861,0.9975917,0.99996555,21,100,100,104,18
"343",11,400,0.997597,0.9998861,0.9975917,0.99996555,33,100,109,104,18
"344",11,405,0.997597,0.9998861,0.9975917,0.99996555,13,100,129,104,18
"345",11,412,0.997597,0.9998861,0.9975917,0.99996555,33,100,9,104,18
"346",11,414,0.997597,0.9998861,0.9975917,0.99996555,33,100,109,104,18
"347",11,415,0.997597,0.9998861,0.9975917,0.99996555,13,100,129,104,18
"348",11,416,0.997597,0.9998861,0.9975917,0.99996555,13,100,129,100,18
"349",11,418,0.997597,0.9998861,0.9975917,1.0004159,33,100,109,1,18
"350",11,419,0.997597,0.9997006,0.9975917,0.9998861,33,4,109,100,18
"351",11,424,0.997597,0.9997006,0.9975917,0.9998861,33,4,101,100,18
"352",11,425,0.997597,0.9997006,0.9975917,0.9998861,13,4,121,100,18
"353",11,426,0.997597,0.9997006,0.9975917,0.9998861,33,4,101,100,18
"354",11,427,0.99829644,0.9997006,0.997597,0.9998861,1,4,34,100,18
"355",11,429,0.99829644,0.9997006,0.997597,0.9998861,1,4,22,100,18
"356",11,430,0.99829644,0.9997006,0.9976023,0.9998861,1,4,21,100,18
"357",11,431,0.99829644,0.99962115,0.9976023,0.9997006,1,100,21,4,18
"358",11,432,0.99829644,0.9993562,0.9976023,0.99962115,1,100,21,100,18
"359",11,433,0.99829644,0.9993562,0.9976023,0.99943566,1,101,21,100,18
"360",11,434,0.99829644,0.9993562,0.9976023,0.99943566,1,101,21,100,18
"361",11,435,0.99829644,0.9993562,0.9976023,0.99943566,1,101,21,201,18
"362",11,436,0.99829644,0.9993562,0.9976023,0.99943566,1,101,21,201,18
"363",11,439,0.99829644,0.9993562,0.9976023,0.99943566,1,101,21,201,18
"364",11,445,0.99829644,0.9993562,0.9976023,0.99943566,1,101,1,201,18
"365",11,448,0.99829644,0.9993562,0.9976023,0.99943566,1,101,21,201,18
"366",11,450,0.99829644,0.9993562,0.9976023,0.99943566,1,101,21,201,18
"367",11,455,0.99829644,0.9993562,0.9976023,0.99943566,1,101,1,201,18
"368",11,456,0.99829644,0.9993562,0.9976023,0.99943566,1,101,22,201,18
"369",11,457,0.99829644,0.9993562,0.9976023,0.99943566,1,100,21,201,18
"370",11,460,0.99829644,0.9993562,0.9976023,0.99943566,13,100,29,201,18
"371",11,463,0.99829644,0.9993562,0.9976023,0.99943566,13,100,29,201,18
"372",11,465,0.99829644,0.9993562,0.9976023,0.99943566,13,100,9,201,18
"373",11,466,0.99829644,0.9993562,0.9976023,0.99943566,13,100,1,201,18
"374",11,468,0.99829644,0.9993562,0.9976023,0.99943566,13,100,21,201,18
"375",11,470,0.99829644,0.9993562,0.9976023,0.99943566,13,100,21,201,18
"376",11,475,0.99829644,0.9993562,0.9976023,0.99943566,13,100,1,201,18
"377",11,476,0.99829644,0.9993562,0.9976023,0.99943566,13,100,21,201,18
"378",11,479,0.99829644,0.9993562,0.9976023,0.99943566,13,100,1,201,18
"379",11,481,0.99829644,0.9993562,0.9976023,0.99943566,13,100,1,201,18
"380",11,485,0.99829644,0.9993562,0.9976023,0.99943566,13,100,1,201,18
"381",11,488,0.99829644,0.9993562,0.9976023,0.99943566,11,100,1,201,18
"382",11,492,0.99829644,0.9993562,0.9976023,0.99943566,11,100,1,201,18
"383",11,500,0.99829644,0.9993562,0.9976023,0.99943566,11,100,1,201,18
"384",11,501,0.99829644,0.9993562,0.9976023,0.99943566,11,100,1,201,18
"385",11,504,0.99829644,0.9993562,0.9980898,0.99943566,11,100,1,201,18
"386",11,505,0.99829644,0.9993562,0.9981004,0.99943566,11,100,1,201,18
"387",11,506,0.99829644,0.9993562,0.9980898,0.99943566,11,100,1,201,18
"388",11,507,0.99829644,0.9993562,0.9980898,0.99943566,11,101,1,201,18
"389",11,509,0.99829644,0.9993562,0.9980898,0.99943566,11,101,1,201,18
"390",11,511,0.99829644,0.9993562,0.9980951,0.99943566,11,101,1,201,18
"391",11,512,0.99829644,0.9993562,0.9980898,0.99943566,11,101,1,201,18
"392",11,515,0.99829644,0.9993562,0.9980898,0.99943566,11,98,1,200,18
"393",11,520,0.99829644,0.9993562,0.9980898,0.99943566,13,98,1,200,18
"394",11,522,0.99829644,0.9993562,0.9980898,0.99943566,13,98,1,200,18
"395",11,529,0.99829644,0.9993562,0.9980898,0.99943566,13,98,1,200,18
"396",11,533,0.99829644,0.9993562,0.9980898,0.99943566,3,98,1,200,18
"397",11,540,0.99829644,0.9993562,0.9980898,0.99943566,3,98,1,200,18
"398",11,548,0.99829644,0.9993562,0.9980898,0.99943566,3,98,1,200,18
"399",11,549,0.99829644,0.9993562,0.9980898,0.99943566,3,98,1,200,18
"400",11,554,0.99829644,0.9993562,0.9980951,0.99943566,3,98,1,200,18
"401",11,555,0.99829644,0.9993562,0.9980898,0.99943566,3,98,1,200,18
"402",11,556,0.99829644,0.9993562,0.9980951,0.99943566,3,98,1,200,18
"403",11,557,0.99829644,0.9993562,0.9980898,0.99943566,3,98,1,200,18
"404",11,560,0.99829644,0.9993562,0.9980898,0.99943566,3,98,1,201,18
"405",11,562,0.99829644,0.9993562,0.9980898,0.99943566,3,97,1,201,18
"406",11,564,0.99829644,0.9991019,0.9980898,0.9993562,3,101,1,97,18
"407",11,565,0.99829644,0.9991019,0.9980898,0.9993562,3,102,1,97,18
"408",11,568,0.99829644,0.9991019,0.9980898,0.99918133,3,102,1,201,18
"409",11,571,0.99829644,0.9991019,0.9980898,0.99918133,3,102,1,201,18
"410",11,575,0.99829644,0.9991019,0.9980898,0.99918133,3,102,1,201,18
"411",11,578,0.99829644,0.9991019,0.9980898,0.99918133,3,101,1,201,18
"412",11,579,0.99829644,0.9991019,0.9980898,0.99918133,3,101,1,201,18
"413",11,580,0.99829644,0.9991019,0.9980898,0.99918133,17,101,9,201,18
"414",11,581,0.99829644,0.9991019,0.9980898,0.99918133,17,101,1,201,18
"415",11,591,0.99829644,0.9991019,0.9980898,0.99918133,17,101,1,201,18
"416",11,595,0.99829644,0.9991019,0.9980898,0.99918133,17,101,1,201,18
"417",16,0,1.0003458,1.0010588,1.0002713,1.0010694,1,75,12,15,18
"418",16,9,1.0003458,1.0010588,1.0002713,1.0010694,10,75,12,15,18
"419",16,11,1.0003564,1.0010694,1.0003458,1.001112,84,15,1,100,18
"420",16,12,1.0003564,1.0010694,1.0003458,1.001112,75,15,1,100,18
"421",16,13,1.0003564,1.0010694,1.000282,1.001112,75,15,10,100,18
"422",16,15,1.0003564,1.0010694,1.000282,1.001112,76,15,10,100,18
"423",16,22,1.0003564,1.0010588,1.000282,1.0010694,1,75,10,15,18
"424",16,27,1.0003564,1.0010588,1.000282,1.0010694,4,75,10,15,18
"425",16,30,1.0003564,1.0010694,1.000282,1.001112,21,15,10,100,18
"426",16,33,1.0003672,1.0010694,1.0003564,1.001112,83,15,12,100,18
"427",16,34,1.0003672,1.0010694,1.0003564,1.001112,92,15,17,100,18
"428",16,35,1.0003672,1.0010694,1.0003564,1.001112,92,15,15,100,18
"429",16,36,1.0011439,1.0019846,1.0011333,1.0021229,89,15,8,5,18
"430",16,38,1.0015696,1.0022613,1.0011439,1.0022719,79,5,10,5,18
"431",16,39,1.0015696,1.0023996,1.0011439,1.0024102,79,5,2,5,18
"432",16,41,1.0015696,1.0023996,1.0011439,1.0024102,79,5,2,5,18
"433",16,42,1.0015696,1.0023996,1.0010588,1.0024102,81,5,215,5,18
"434",16,43,1.0015696,1.0023996,1.0010694,1.0024102,81,5,11,5,18
"435",16,46,1.0011652,1.002389,1.0010588,1.0023996,75,75,220,5,18
"436",16,55,1.0010588,1.0017718,1.0008779,1.002208,94,75,109,5,18
"437",16,56,1.0010588,1.0017718,1.0008779,1.002208,94,75,105,5,18
"438",16,60,1.0010588,1.0017718,1.0008779,1.002208,89,75,110,5,18
"439",16,72,1.0010694,1.0021974,1.0010588,1.002208,75,75,94,5,18
"440",16,74,1.0010694,1.0021974,1.0010588,1.002208,75,75,194,5,18
"441",16,78,1.0010694,1.0021974,1.0010588,1.002208,75,75,204,5,18
"442",16,87,1.0010694,1.002208,1.0010588,1.0023996,77,5,204,5,18
"443",16,92,1.001644,1.0027401,1.0012078,1.0028678,75,5,5,100,18
"444",16,93,1.001644,1.0027401,1.0012078,1.0028678,75,5,5,200,18
"445",16,102,1.0021974,1.0028678,1.0017611,1.0033041,75,185,5,5,18
"446",16,106,1.0017718,1.0028678,1.0017611,1.0033041,75,167,5,5,18
"447",16,117,1.0017718,1.0028678,1.0017611,1.0033041,75,67,5,5,18
"448",16,132,1.0017718,1.0028572,1.0017611,1.0028678,75,75,5,178,18
"449",16,147,1.0017718,1.0028572,1.0017611,1.0028678,77,75,5,178,18
"450",16,154,1.001793,1.0028572,1.0017824,1.0028678,75,75,300,78,18
"451",16,157,1.001793,1.0028572,1.0017824,1.0028678,76,75,300,78,18
"452",16,160,1.001793,1.0028572,1.0017824,1.0028678,76,75,300,79,18
"453",16,162,1.001793,1.0028572,1.0017824,1.0028678,76,75,300,179,18
"454",16,170,1.001793,1.0028572,1.0017824,1.0028678,76,75,300,184,18
"455",16,172,1.001793,1.0028572,1.0017824,1.0028678,76,75,205,184,18
"456",16,174,1.001793,1.0028572,1.0017824,1.0028678,81,75,200,184,18
"457",16,178,1.001793,1.0028572,1.0017824,1.0028678,81,125,310,167,18
"458",16,183,1.001793,1.0028572,1.0017824,1.0028678,81,125,410,167,18
"459",16,188,1.001793,1.0028572,1.0017824,1.0028678,76,125,410,167,18
"460",16,190,1.0015589,1.0020484,1.0011226,1.0022613,68,75,5,17,18
"461",16,193,1.0015589,1.0020484,1.0011226,1.0022613,68,75,5,50,18
"462",16,198,1.0015589,1.0020484,1.0011226,1.0022506,68,75,5,15,18
"463",16,199,1.0015589,1.0020484,1.0012716,1.0022506,68,75,64,15,18
"464",16,200,1.0012716,1.0020484,1.0011226,1.0022506,64,75,5,15,18
"465",16,210,1.0007715,1.0015057,1.0007608,1.0021974,6,192,105,5,18
"466",16,212,1.0007715,1.0014951,1.0007608,1.0015057,6,75,105,117,18
"467",16,213,1.0007715,1.0014951,1.0007608,1.0015057,6,75,205,115,18
"468",16,214,1.0007608,1.0014951,1.0007076,1.0015057,105,75,5,115,18
"469",16,219,1.0007608,1.0014951,1.0007076,1.0015057,5,75,5,115,18
"470",16,235,1.0007608,1.0014951,1.0007076,1.0015057,5,93,5,100,18
"471",16,236,1.0007608,1.0014951,1.0007076,1.0015057,5,90,5,100,18
"472",16,237,1.0007608,1.0014951,1.0007076,1.0015057,5,90,5,103,18
"473",16,249,1.0008034,1.0014951,1.0007608,1.0015057,60,90,5,103,18
"474",16,266,1.0008034,1.0014844,1.0007608,1.0014951,60,75,5,15,18
"475",16,288,1.0008034,1.0014951,1.0007608,1.0015057,60,15,5,104,18
"476",16,290,1.0009843,1.0014951,1.0008034,1.0015057,4,15,60,104,18
"477",16,293,1.0009843,1.0014844,1.0008034,1.0014951,5,75,60,15,18
"478",16,295,1.0009843,1.0014844,1.0008034,1.0015057,5,94,60,100,18
"479",16,296,1.0009843,1.0014844,1.0008034,1.0015057,5,127,60,100,18
"480",16,299,1.0009843,1.0014844,1.0008034,1.0015057,5,128,60,100,18
"481",16,302,1.0009843,1.0014844,1.0008992,1.0015057,5,128,5,100,18
"482",16,306,1.0009843,1.0014844,1.0008034,1.0015057,5,128,60,100,18
"483",16,320,1.0009843,1.0014738,1.0008034,1.0014844,5,75,60,44,18
"484",16,341,1.0009843,1.0014738,1.0008034,1.0014844,5,85,60,33,18
"485",16,342,1.0009949,1.0017079,1.0009843,1.0021442,75,3,5,5,18
"486",16,344,1.0009949,1.0017079,1.0009843,1.0021442,75,3,4,5,18
"487",16,346,1.0009949,1.0017079,1.0009843,1.0021442,76,3,4,5,18
"488",16,351,1.0009949,1.0017079,1.0009843,1.0021442,1,3,4,5,18
"489",16,352,1.0010375,1.0016973,1.0009949,1.0021336,5,78,1,5,18
"490",16,353,1.0009949,1.0016973,1.0009843,1.0021336,1,78,4,5,18
"491",16,354,1.0009949,1.0016973,1.0009843,1.0020591,1,78,4,1,18
"492",16,360,1.0009949,1.0016973,1.0009843,1.0020697,1,78,4,4,18
"493",16,373,1.0009949,1.0016973,1.0009843,1.0020697,1,78,4,4,18
"494",16,388,1.0009949,1.0016973,1.0009843,1.0020697,1,78,4,4,18
"495",16,389,1.0009949,1.0016973,1.0009843,1.0020697,1,78,4,4,18
"496",16,397,1.0009949,1.0016973,1.0009843,1.0020697,1,78,4,17,18
"497",16,402,1.0002713,1.0014951,0.999984,1.0015057,105,78,4,13,18
"498",16,417,1.0002713,1.0014951,0.999984,1.0015057,205,78,4,13,18
"499",16,425,1.0002713,1.0014951,0.999984,1.0015057,205,88,4,3,18
"500",16,430,1.000282,1.0014951,1.0002713,1.0015057,115,88,205,3,18
"501",16,434,1.000282,1.0014951,1.0002713,1.0015057,100,88,205,3,18
"502",16,435,1.000282,1.0014951,1.0002713,1.0015057,100,88,205,4,18
"503",16,448,1.000282,1.0014951,1.0002713,1.0015057,100,88,205,9,18
"504",16,458,1.0002927,1.0014951,1.000282,1.0015057,104,88,100,9,18
"505",16,460,1.0002927,1.0014951,1.000282,1.0015057,104,88,100,10,18
"506",16,461,1.0002927,1.0014951,1.000282,1.0015057,101,93,100,5,18
"507",16,467,1.0003033,1.0014951,1.0002927,1.0015057,2,97,101,1,18
"508",16,468,1.0003033,1.0014951,1.0002927,1.0020697,2,98,101,4,18
"509",16,478,1.0003033,1.0014951,1.0002927,1.0020697,100,98,100,4,18
"510",16,490,1.0002713,1.0014951,0.999984,1.0020697,105,98,4,4,18
"511",16,499,1.0002713,1.0014951,0.999984,1.0020697,205,98,4,4,18
"512",16,502,1.0002713,1.0014951,0.999984,1.0020697,205,99,4,4,18
"513",16,510,1.000282,1.0014951,1.0002713,1.0020697,112,99,205,4,18
"514",16,513,1.000282,1.0014738,1.0002713,1.0014844,100,78,205,15,18
"515",16,526,1.000282,1.0014738,1.0002713,1.0014844,100,78,205,15,18
"516",16,530,1.0002713,1.0014738,0.999984,1.0014844,205,78,4,15,18
"517",16,531,1.0002713,1.0014738,0.999984,1.0014844,105,78,4,15,18
"518",16,541,1.0002713,1.0014738,1.0001756,1.0014844,105,78,4,15,18
"519",16,542,1.0002713,1.0014738,1.0001756,1.0014844,205,78,4,15,18
"520",16,548,1.0002713,1.0014738,1.0001756,1.0014844,216,78,4,15,18
"521",16,560,1.0002927,1.0014738,1.000282,1.0014844,100,78,100,15,18
"522",16,561,1.0003033,1.0014738,1.0002927,1.0014844,100,78,100,15,18
"523",16,562,1.0002927,1.0014738,1.000282,1.0014844,100,78,100,15,18
"524",16,576,1.0005906,1.0014738,1.0002927,1.0014844,75,3,100,15,18
"525",16,577,1.0005906,1.0014632,1.0002927,1.0014844,75,78,100,15,18
"526",16,580,1.0005906,1.0014632,1.0002927,1.0014844,77,78,100,15,18
"527",16,594,1.0005906,1.0014632,1.0002927,1.0014844,2,78,100,15,18
"528",31,0,0.9991049,1.0009072,0.9984941,1.0009314,35,110,30,1,18
"529",31,2,0.9991049,1.0002722,0.9984941,1.0009072,35,1,30,110,18
"530",31,21,0.9991049,1.0002722,0.9984941,1.0009072,10,1,30,110,18
"531",31,22,0.9991049,1.0003629,0.9984941,1.0009072,10,1,30,110,18
"532",31,23,0.9984941,1.0003629,0.997974,1.0009072,30,1,12,110,18
"533",31,27,0.99852437,1.0008407,0.9984941,1.0009072,35,22,30,110,18
"534",31,28,0.9996734,1.0009072,0.99852437,1.0015119,36,110,35,1,18
"535",31,39,0.9996734,1.0009072,0.99852437,1.0015119,40,110,35,1,18
"536",31,42,0.9996734,1.0009072,0.99852437,1.0015119,41,110,35,1,18
"537",31,45,0.99975806,1.0009072,0.9996734,1.0015119,1,110,40,1,18
"538",31,50,1.0003326,1.0017538,0.9984941,1.0033141,5,58,30,105,18
"539",31,55,1.0003326,1.0017538,0.9984941,1.0033141,41,58,30,105,18
"540",31,67,1.0003326,1.0017538,0.99975204,1.0033141,41,58,35,105,18
"541",31,73,1.0003326,1.0017538,0.99975204,1.0033082,41,58,35,10,18
"542",31,105,1.0003326,1.0017538,1.0003024,1.0033082,41,58,20,10,18
"543",31,113,0.99975204,1.0017538,0.9984941,1.0023223,1,4,30,100,18
"544",31,114,0.9984941,1.0017478,0.997974,1.0017538,34,100,12,4,18
"545",31,117,0.9984941,1.0009011,0.997974,1.0009072,34,100,12,200,18
"546",31,122,0.9984941,1.00075,0.997974,1.0009072,34,1,16,200,18
"547",31,123,0.9984941,1.0009011,0.997974,1.0009072,34,100,16,200,18
"548",31,136,0.9984941,1.0009011,0.997974,1.0009072,34,100,16,200,18
"549",31,139,0.9984941,1.0009011,0.997974,1.0009072,34,100,12,200,18
"550",31,141,0.9984941,1.0007439,0.997974,1.00075,34,100,12,20,18
"551",31,142,0.9984941,1.0007439,0.99820983,1.00075,34,100,100,20,18
"552",31,149,0.9984941,1.0007439,0.99820983,1.00075,34,100,105,20,18
"553",31,150,0.9984941,1.0009072,0.99820983,1.0017538,30,200,105,4,18
"554",31,160,0.9984941,1.0009072,0.99820983,1.0017538,34,200,105,4,18
"555",31,174,0.9984941,1.0009072,0.99820983,1.0017538,30,200,105,4,18
"556",31,175,0.9984941,1.0009011,0.99820983,1.0009072,35,100,105,200,18
"557",31,182,0.9984941,1.0000303,0.99820983,1.0009072,43,1,107,200,18
"558",31,183,0.9984941,1.0009011,0.99820983,1.0009072,43,100,107,201,18
"559",31,184,0.9984941,1.0009011,0.99820983,1.0009072,43,102,105,200,18
"560",31,193,0.9984941,1.0009011,0.99820983,1.0009072,35,102,105,200,18
"561",31,196,0.9984941,1.0008891,0.99820983,1.000895,35,100,105,10,18
"562",31,204,0.9984941,1.000895,0.99820983,1.0009072,35,10,205,200,18
"563",31,208,0.9984941,0.9995525,0.99820983,1.0009072,35,10,205,200,18
"564",31,209,0.997974,0.9995525,0.99788326,1.0009072,13,10,8,200,18
"565",31,210,0.9966737,0.9995404,0.996202,0.9995464,1,100,1,24,18
"566",31,222,0.9972785,0.9995525,0.9966737,1.0009072,5,10,1,200,18
"567",31,229,0.9978107,0.9995525,0.9966737,1.0009072,5,10,1,200,18
"568",31,235,0.9978107,0.9995525,0.99724823,1.0009072,5,10,40,200,18
"569",31,242,0.9978107,0.9995525,0.99724823,1.0009072,9,10,40,201,18
"570",31,249,0.99879044,0.9995525,0.99830055,1.0009072,3,10,2,201,18
"571",31,250,0.9978107,0.9995525,0.9966737,1.0009072,4,10,1,201,18
"572",31,254,0.9978107,0.9995525,0.99735105,1.0009072,4,10,30,201,18
"573",31,258,0.9978107,1.0003629,0.99735105,1.0009072,9,24,30,201,18
"574",31,259,0.9978107,1.0003629,0.99735105,1.0009072,9,25,30,200,18
"575",31,261,0.9978107,1.0003629,0.99735105,1.0009072,4,25,30,200,18
"576",31,263,0.9978107,1.0003629,0.99735105,1.0009072,4,24,30,201,18
"577",31,265,0.9978107,1.0003629,0.99735105,1.0009072,4,24,30,202,18
"578",31,269,0.9978107,1.0009072,0.99735105,1.001004,4,201,30,31,18
"579",31,276,0.99788326,1.0009072,0.9978107,1.001004,6,201,4,31,18
"580",31,277,0.99788326,1.0009011,0.9978107,1.0009072,6,1,4,200,18
"581",31,278,0.99788326,1.0009072,0.9978107,1.001004,6,200,4,31,18
"582",31,289,0.99848807,1.0009072,0.99788326,1.001004,1,200,1,31,18
"583",31,294,0.99848807,1.0009072,0.99788934,1.001004,1,200,3,31,18
"584",31,297,0.99848807,1.0009072,0.99788934,1.001004,25,200,3,31,18
"585",31,298,0.99788934,1.0009072,0.99788326,1.001004,3,200,1,31,18
"586",31,299,0.99788934,1.0009072,0.99788326,1.001004,8,200,1,31,18
"587",31,302,0.99788934,1.0009072,0.99788326,1.001004,12,200,1,31,18
"588",31,303,0.99788934,0.99939525,0.99788326,1.0009072,11,24,1,200,18
"589",31,306,0.99788934,1.0009072,0.99788326,1.001004,11,200,1,31,18
"590",31,311,0.99788934,1.0003629,0.99788326,1.0009072,11,24,1,200,18
"591",31,324,0.99788934,1.0009072,0.99788326,1.001004,6,200,1,31,18
"592",31,330,0.99788934,1.0003629,0.99788326,1.0009072,12,24,1,200,18
"593",31,362,0.99788934,1.0003629,0.99788326,1.0009072,16,25,1,200,18
"594",31,384,0.99788934,1.0003629,0.99788326,1.0009072,10,1,1,200,18
"595",31,389,0.99788934,1.0003629,0.99788326,1.0009072,10,24,1,200,18
"596",31,397,0.99788934,1.0009072,0.99788326,1.001004,10,200,1,31,18
"597",31,398,0.99788934,1.0009072,0.99788326,1.001004,10,200,1,31,18
"598",31,414,0.99788934,1.0009072,0.99788326,1.001004,8,200,1,31,18
"599",31,417,0.9986513,1.0003629,0.9981615,1.0009072,5,24,5,200,18
"600",31,418,0.9986513,1.0003629,0.99788934,1.0009072,5,24,8,200,18
"601",31,422,0.9986513,1.0003629,0.99788934,1.0009072,6,24,2,201,18
"602",31,431,0.9986513,1.0003629,0.99788326,1.0009072,5,24,1,200,18
"603",31,433,0.99788326,1.0009072,0.99745387,1.001004,1,200,2,31,18
"604",31,453,0.9985969,1.0009072,0.99788326,1.001004,1,200,1,31,18
"605",31,461,0.998603,1.0000484,0.9985969,1.0009072,2,24,1,200,18
"606",31,465,0.998603,1.0000484,0.9985969,1.0009072,2,24,1,200,18
"607",31,482,0.998603,1.0000484,0.9985969,1.0004536,3,24,5,1,18
"608",31,483,0.998603,1.0004536,0.9985969,1.0009072,3,1,5,200,18
"609",31,485,0.998603,1.0000484,0.9985969,1.0009072,3,1,5,200,18
"610",31,489,0.998603,1.0000484,0.9985969,1.0001391,3,1,5,100,18
"611",31,494,0.998603,1.0000484,0.9985969,1.0001391,1,1,5,100,18
"612",31,497,0.9985969,1.0000484,0.99788326,1.0001391,1,1,1,100,18
"613",31,510,0.9985969,0.999111,0.99788326,1.0001391,1,3,1,100,18
"614",31,514,0.9966737,0.9993408,0.9963713,1.0000545,1,1,1,5,18
"615",31,542,0.9966737,0.9993408,0.9963713,1.0000545,2,2,1,5,18
"616",31,546,0.9966737,0.9993408,0.9963713,1.0000545,2,2,1,5,18
"617",31,547,0.9966737,0.9993408,0.9963713,1.0000545,2,1,1,5,18
"618",31,554,0.9966737,0.9993408,0.9963713,1.0000545,1,1,1,5,18
"619",62,0,1.0003355,1.0014799,1.0002576,1.0018634,6,1,200,4,18
"620",62,1,1.0003355,1.0014799,1.0002576,1.0018634,6,1,200,4,18
"621",62,2,1.0003355,1.0014799,1.0002576,1.0018634,13,1,100,4,18
"622",62,3,1.0003355,1.0014799,1.0002576,1.0018634,6,1,200,4,18
"623",62,4,1.0003355,1.0014799,1.0002576,1.0018634,13,1,200,4,18
"624",62,5,1.0003355,1.0014799,1.0002576,1.0018634,6,1,200,4,18
"625",62,7,1.0003355,1.0014799,1.0002576,1.0018634,6,1,100,4,18
"626",62,8,1.0003355,1.0014799,1.0002576,1.0018634,6,1,200,4,18
"627",62,12,1.0003355,1.0014799,1.0002576,1.0018634,6,1,100,4,18
"628",62,13,1.0003355,1.0014799,1.0002576,1.0018634,6,1,200,4,18
"629",62,14,1.0003355,1.0014799,1.0002576,1.0018634,13,1,200,4,18
"630",62,17,1.0003355,1.0014799,1.0002576,1.0019292,13,1,200,83,18
"631",62,18,1.0005332,1.0014799,1.0002576,1.0019292,106,1,100,83,18
"632",62,20,0.9977832,1.000635,0.9977772,1.0013361,100,7,35,1,18
"633",62,21,0.99996406,1.0013361,0.99843025,1.0014799,100,1,35,1,18
"634",62,26,0.99996406,1.0013361,0.99843025,1.0014799,100,1,35,1,18
"635",62,31,0.99996406,1.0013361,0.9991672,1.0014799,100,1,15,1,18
"636",62,58,0.9991672,1.0013361,0.99843025,1.0014799,15,1,35,1,18
"637",62,60,0.9991672,1.0011024,0.99843025,1.0013361,15,103,35,1,18
"638",62,62,0.9991672,1.000653,0.99843025,1.0010964,15,1,35,5,18
"639",62,77,0.9991672,1.000653,0.99843025,1.0010904,15,1,35,5,18
"640",62,92,0.9991672,1.0006471,0.99843025,1.0010904,15,1,35,5,18
"641",62,97,0.9991672,1.0005273,0.99843025,1.0010964,15,6,35,5,18
"642",62,98,0.9991672,1.0005273,0.99843025,1.0011024,15,6,35,103,18
"643",62,104,0.9991672,1.0011024,0.99843025,1.0011923,15,103,35,116,18
"644",62,106,0.9991672,1.0011024,0.99843025,1.0011923,15,3,35,100,18
"645",62,108,0.99996406,1.0011024,0.99995804,1.0011923,100,3,100,100,18
"646",62,124,0.9991672,1.0011024,0.99843025,1.0011923,15,3,35,100,18
"647",62,125,0.9991672,1.0005932,0.99843025,1.0011024,15,59,35,3,18
"648",62,126,0.9986879,0.99996406,0.99797493,1.0005932,1,2,1,60,18
"649",62,127,0.9986879,0.99996406,0.99823856,1.0005932,1,2,100,1,18
"650",62,128,0.9986879,0.99996406,0.99823856,1.0011024,1,3,104,1,18
"651",62,131,0.9986879,0.99996406,0.99823856,1.0011024,1,1,105,1,18
"652",62,132,0.9986879,0.99996406,0.99823856,1.0005752,1,1,105,5,18
"653",62,140,0.9986879,0.99996406,0.99823856,1.0005752,1,1,1,5,18
"654",62,141,0.9986879,0.99996406,0.99823856,1.0005752,1,1,101,5,18
"655",62,146,0.9986879,0.99996406,0.99823856,1.0005752,1,1,105,5,18
"656",62,147,0.9986939,0.99996406,0.9986879,1.0005752,100,1,37,5,18
"657",62,148,0.9986939,0.99996406,0.9986879,1.0005752,201,1,37,5,18
"658",62,152,0.9986939,0.99996406,0.9986879,1.0005752,205,1,37,5,18
"659",62,156,0.9986939,0.99996406,0.9986879,1.0005752,206,1,37,5,18
"660",62,162,0.9991852,0.99996406,0.9986939,1.0005752,1,1,206,5,18
"661",62,163,0.9991852,0.99996406,0.9986939,1.0005752,1,1,105,5,18
"662",62,164,0.9991852,0.99996406,0.9986939,1.0005752,1,1,206,5,18
"663",62,167,0.9991852,0.99996406,0.9986939,1.0005752,3,1,210,5,18
"664",62,168,0.9992271,0.99996406,0.9991852,1.0005752,1,1,2,5,18
"665",62,169,0.9992271,0.99996406,0.9991852,1.0005752,1,1,2,5,18
"666",62,175,0.9992271,0.99996406,0.99873585,1.0005752,1,1,102,5,18
"667",62,177,0.99873585,0.99996406,0.9986879,1.0005752,1,1,37,5,18
"668",62,178,0.9986879,0.99996406,0.99797493,1.0005752,43,1,1,5,18
"669",62,179,0.9991852,0.99996406,0.9986939,1.0005752,1,1,106,5,18
"670",62,181,0.9991852,0.99996406,0.9986999,1.0005752,1,1,2,5,18
"671",62,182,0.9991852,0.99996406,0.9986939,1.0005752,1,1,203,5,18
"672",62,183,0.9991852,0.99996406,0.9986939,1.0005752,1,1,207,5,18
"673",62,205,0.9991852,0.99996406,0.9986939,1.0005752,1,1,207,5,18
"674",62,207,0.9991852,0.99996406,0.9986939,1.0005752,1,1,207,5,18
"675",62,217,0.9991852,0.99996406,0.9986939,1.0005752,1,1,208,5,18
"676",62,226,0.9991852,0.99996406,0.9986939,1.0005752,1,1,107,5,18
"677",62,227,0.9991852,0.99996406,0.9986939,1.0005752,3,1,212,5,18
"678",62,228,0.9991852,0.99996406,0.9986939,1.0005752,1,1,208,5,18
"679",62,232,0.9992271,0.99996406,0.99873585,1.0005752,1,1,1,5,18
"680",62,233,0.9992271,0.99996406,0.99873585,1.0005752,1,1,102,5,18
"681",62,237,0.9992271,0.99996406,0.99873585,1.0005752,1,1,106,5,18
"682",62,257,0.9992271,0.9999521,0.99873585,1.0005752,1,10,106,5,18
"683",62,258,0.9992331,0.9999521,0.9987418,1.0005752,1,10,1,5,18
"684",62,259,0.9987418,0.9999521,0.9986879,1.0005752,2,11,37,5,18
"685",62,260,0.9991852,0.9999521,0.9986939,1.0005752,1,11,205,5,18
"686",62,261,0.9991852,1.0005752,0.9986939,1.0011504,1,5,207,1,18
"687",62,262,0.9991852,1.0005752,0.9986939,1.0006171,1,5,207,100,18
"688",62,263,0.9992271,1.0005752,0.99873585,1.0006171,1,5,1,100,18
"689",62,266,0.9991852,1.0005752,0.9986939,1.0006171,1,5,201,100,18
"690",62,271,0.9991852,1.0005273,0.9986939,1.0005752,1,100,205,5,18
"691",62,276,0.9991852,1.0005273,0.9986939,1.0005752,1,100,205,5,18
"692",62,287,0.9991852,1.0005273,0.9986939,1.0005752,1,100,209,5,18
"693",62,291,0.9991852,1.0005273,0.9986939,1.0005752,1,100,109,5,18
"694",62,292,0.9991852,1.0005273,0.9986939,1.0005752,1,100,209,5,18
"695",62,295,0.9991852,1.0005273,0.9986939,1.0005752,1,100,209,5,18
"696",62,296,0.9991852,1.0005273,0.9986939,1.0005752,1,100,209,5,18
"697",62,300,0.9991852,1.0005273,0.9986939,1.0005752,1,100,209,5,18
"698",62,305,0.9991852,1.0005752,0.9986939,1.0006171,1,5,209,100,18
"699",62,309,0.99956864,1.0005752,0.9990773,1.0006171,1,5,1,100,18
"700",62,310,0.99956864,1.0005752,0.9990773,1.0006171,1,5,101,100,18
"701",62,311,0.99956864,1.0005752,0.9990773,1.0006171,1,5,101,100,18
"702",62,313,0.99956864,1.0005752,0.9995207,1.0006171,1,5,6,100,18
"703",62,319,0.9995746,1.0005752,0.9995207,1.0006171,1,5,6,100,18
"704",62,320,0.99956864,1.0002936,0.9995207,1.0005752,1,100,6,5,18
"705",62,322,0.99956864,1.0002936,0.9995207,1.0005752,1,116,6,5,18
"706",62,326,0.9995207,1.0002936,0.9990773,1.0005752,6,116,106,5,18
"707",62,327,0.99956864,1.0002936,0.9995207,1.0005752,2,116,6,5,18
"708",62,330,0.9995207,1.0002936,0.9991852,1.0005752,6,116,2,5,18
"709",62,333,0.9991852,1.0002936,0.9986939,1.0005752,2,116,106,5,18
"710",62,338,0.9991852,1.0002037,0.9986939,1.0002936,2,1,106,116,18
"711",62,340,0.9991852,1,0.9986939,1.0002037,2,100,106,1,18
"712",62,341,0.9986999,0.9998023,0.9986939,1,100,100,6,5,18
"713",62,342,0.9986999,0.9998023,0.9986939,1,106,100,6,5,18
"714",62,345,0.9986999,0.9998023,0.9986939,0.9998922,110,100,2,16,18
"715",62,347,0.9986999,0.9998023,0.9986939,0.9998922,110,100,6,16,18
"716",62,349,0.9986999,0.9998023,0.9986879,0.9998922,112,100,37,16,18
"717",62,356,0.99873585,0.9998023,0.9987298,0.9998922,106,100,4,16,18
"718",62,357,0.99873585,0.9998023,0.9987298,0.9998922,107,100,4,16,18
"719",62,360,0.9987598,0.9998023,0.9987538,0.9998922,106,100,1,16,18
"720",62,361,0.9987598,0.9998023,0.9987538,0.9998922,107,100,1,16,18
"721",62,362,0.9987598,0.9998023,0.9987538,0.9998922,111,100,1,16,18
"722",62,365,0.9987598,0.9998023,0.9987538,0.9998922,111,100,1,16,18
"723",62,367,0.9987718,0.9998023,0.9987598,0.9998922,102,100,5,16,18
"724",62,368,0.9987718,0.9998023,0.9987598,0.9998922,103,100,4,16,18
"725",62,371,0.9987718,0.9998023,0.9987538,0.9998922,103,100,1,16,18
"726",62,372,0.9987718,0.9998023,0.9987538,1.0002037,101,116,1,1,18
"727",62,375,0.99837035,0.9995866,0.99797493,0.999988,72,116,1,5,18
"728",62,385,0.9980169,0.9995866,0.99797493,0.9996465,6,116,1,5,18
"729",62,390,0.9980169,0.9995866,0.99797493,0.9996465,6,116,1,5,18
"730",62,391,0.9980169,0.9995866,0.99797493,0.9996465,6,116,1,5,18
"731",62,404,0.9980169,0.99949676,0.99797493,0.9995866,6,20,1,116,18
"732",62,407,0.9980169,0.99949676,0.99797493,0.9995866,8,20,5,116,18
"733",62,413,0.9980169,0.99949676,0.99797493,0.9995866,8,20,1,116,18
"734",62,416,0.99797493,0.99949676,0.997927,0.9995866,1,20,5,116,18
"735",62,417,0.99797493,0.99949676,0.997927,0.9995866,1,24,5,116,18
"736",62,419,0.997927,0.99949676,0.9976634,0.9995866,5,4,100,116,18
"737",62,428,0.997927,0.99949676,0.99744767,0.9995866,5,24,1,116,18
"738",62,429,0.997927,0.99949676,0.9976574,0.9995866,5,24,2,116,18
"739",62,431,0.997927,0.99949676,0.9976574,0.9995866,5,24,102,117,18
"740",62,438,0.997927,0.99949676,0.9976574,0.9995866,5,24,102,100,18
"741",62,441,0.997927,0.99949676,0.9976574,0.9995866,5,41,102,100,18
"742",62,442,0.997927,0.99949676,0.9976574,0.9995866,5,41,102,100,18
"743",62,443,0.997927,0.9993889,0.9976574,0.99949676,5,17,102,24,18
"744",62,447,0.997927,0.99897546,0.9976574,0.99949676,5,20,102,4,18
"745",62,448,0.997927,0.99897546,0.9976574,0.99906534,5,20,102,100,18
"746",62,449,0.997927,0.99897546,0.99744767,0.99906534,5,20,1,100,18
"747",62,450,0.997927,0.99897546,0.99744767,0.99906534,5,37,1,100,18
"748",62,452,0.997927,0.9988257,0.99744767,0.99897546,5,117,1,20,18
"749",62,456,0.99755555,0.99863994,0.99744767,0.9988257,6,20,1,100,18
"750",62,459,0.99755555,0.99863994,0.99744767,0.9988257,6,20,1,117,18
"751",62,461,0.99755555,0.9985321,0.99744767,0.99863994,6,200,1,20,18
"752",62,464,0.99755555,0.9985321,0.99744767,0.99863994,6,217,1,20,18
"753",62,467,0.99755555,0.9985321,0.99744767,0.99863994,12,217,5,20,18
"754",62,468,0.99755555,0.99852616,0.99744767,0.9985321,10,17,1,200,18
"755",62,469,0.99755555,0.9985321,0.99744767,0.99863994,10,200,1,1,18
"756",62,471,0.99755555,0.99852616,0.99744767,0.9985321,10,17,1,200,18
"757",62,474,0.99755555,0.99852616,0.99744767,0.9985321,10,17,1,200,18
"758",62,477,0.99755555,0.99852616,0.99744767,0.9985321,10,17,1,200,18
"759",62,498,0.99755555,0.99852616,0.99744767,0.9985321,10,17,1,200,18
"760",62,505,0.997256,0.99852616,0.99711215,0.9985321,1,17,21,200,18
"761",62,509,0.997256,0.99852616,0.99711215,0.9985321,1,17,21,200,18
"762",62,511,0.997256,0.99850816,0.99711215,0.99852616,1,7,21,17,18
"763",62,515,0.997256,0.99823856,0.99711215,0.99850816,1,1,21,7,18
"764",62,516,0.997256,0.99823856,0.99711215,0.99832845,1,101,21,100,18
"765",62,518,0.997256,0.99823856,0.99711215,0.99832845,1,101,21,117,18
"766",62,527,0.9973099,0.99823856,0.997256,0.99832845,1,101,5,117,18
"767",62,529,0.9973099,0.99823856,0.997256,0.99832845,1,100,5,117,18
"768",62,538,0.9973099,0.99808276,0.997256,0.99823856,1,200,5,100,18
"769",62,541,0.9973099,0.99808276,0.997256,0.99823856,1,200,5,117,18
"770",62,542,0.9973099,0.99808276,0.997256,0.99817264,1,200,5,17,18
"771",62,551,0.9973099,0.99808276,0.997256,0.99823856,1,200,5,100,18
"772",62,552,0.9973099,0.99808276,0.997256,0.99823856,1,200,5,117,18
"773",62,570,0.9973099,0.9980768,0.997256,0.9994248,1,111,5,4,18
"774",62,572,0.9976993,0.9994248,0.99769336,0.999982,6,4,6,36,18
"775",62,573,0.99770534,0.9998742,0.9976993,0.999982,100,206,106,36,18
"776",62,583,0.9976993,0.9998742,0.9973099,1.0002037,6,206,1,1,18
"777",62,584,0.9978192,0.9998742,0.9976993,1.0002037,5,206,6,1,18
"778",62,586,0.9978551,0.9998742,0.9978491,1.0002037,100,206,100,1,18
"779",62,587,0.9978551,0.9998742,0.9978491,1.0002037,4,206,4,1,18
"780",62,588,0.9978611,0.9998742,0.9978551,1.0002037,100,206,104,1,18
"781",62,594,0.9978611,0.9998742,0.9978551,1.0002037,100,200,104,1,18
