"","time_id","seconds_in_bucket","bid_price1","ask_price1","bid_price2","ask_price2","bid_size1","ask_size1","bid_size2","ask_size2","stock_id"
"1",5,0,1.0001262,1.000884,0.9999098,1.00092,119,225,102,19,22
"2",5,1,1.0001624,1.000884,1.0001262,1.00092,200,100,19,19,22
"3",5,2,1.0001624,1.000884,1.0001262,1.00092,200,125,19,19,22
"4",5,3,1.0001624,1.000884,1.0001262,1.00092,100,100,19,19,22
"5",5,4,1.0001985,1.000884,1.0001624,1.00092,200,100,100,19,22
"6",5,5,1.0001985,1.000884,1.0001624,1.00092,200,100,100,19,22
"7",5,6,1.0001985,1.000884,1.0001262,1.00092,100,100,19,19,22
"8",5,8,1.0001985,1.000884,1.0001624,1.00092,100,100,25,19,22
"9",5,9,1.0001985,1.000884,1.0001262,1.00092,100,100,19,19,22
"10",5,10,1.0007036,1.0009562,1.0005232,1.0014974,2,1,6,1,22
"11",5,11,1.000451,1.0014974,1.000415,1.0016056,489,1,61,19,22
"12",5,12,1.000451,1.0014974,1.000415,1.0016056,400,1,61,19,22
"13",5,13,1.000451,1.0014974,1.000415,1.0016056,400,1,61,19,22
"14",5,14,1.000451,1.0014974,1.000415,1.0015696,400,1,61,100,22
"15",5,15,1.000451,1.0014974,1.000415,1.0015335,400,1,61,25,22
"16",5,17,1.000451,1.0014974,1.000415,1.0016056,486,1,61,19,22
"17",5,22,1.000451,1.0014974,1.000415,1.0016056,586,1,61,19,22
"18",5,25,1.000451,1.0013891,1.000415,1.0014974,500,25,61,1,22
"19",5,26,1.000451,1.001317,1.000415,1.0014974,500,100,61,1,22
"20",5,27,1.000451,1.001317,1.000415,1.0014974,507,100,61,1,22
"21",5,28,1.000451,1.001317,1.000415,1.0014974,507,109,61,1,22
"22",5,30,1.000884,1.0014974,1.0006676,1.0017861,1,1,25,19,22
"23",5,31,1.000884,1.0014974,1.0007036,1.0017861,1,1,25,19,22
"24",5,32,1.000884,1.0014974,1.0007036,1.0016056,1,1,25,1,22
"25",5,38,1.000884,1.0014974,1.0005953,1.0016056,1,1,19,1,22
"26",5,39,1.000884,1.0014974,1.0007758,1.0016056,1,1,25,1,22
"27",5,43,1.000884,1.0016056,1.0007758,1.0019665,1,100,25,1,22
"28",5,44,1.0010644,1.0018944,1.000884,1.0019665,19,25,1,1,22
"29",5,45,1.0015335,1.0022191,1.0010644,1.0022551,25,1,19,19,22
"30",5,48,1.0010644,1.0022191,1.000884,1.0022551,19,1,1,19,22
"31",5,50,1.0011727,1.0022191,1.0011365,1.0022551,200,1,1,19,22
"32",5,51,1.0015696,1.0022191,1.0011727,1.0023634,25,1,35,18,22
"33",5,53,1.0015696,1.0022191,1.0011727,1.0023634,25,1,135,18,22
"34",5,54,1.0012809,1.0022191,1.0012448,1.0023634,220,1,25,18,22
"35",5,55,1.0012809,1.0022191,1.0012448,1.0023634,333,1,25,18,22
"36",5,56,1.001353,1.0022191,1.001317,1.0023634,700,1,16,18,22
"37",5,58,1.001353,1.0022191,1.001317,1.0023634,100,1,16,18,22
"38",5,60,1.001353,1.0022191,1.001317,1.0023634,200,1,16,18,22
"39",5,61,1.001353,1.0022191,1.001317,1.0023634,200,1,29,18,22
"40",5,62,1.001353,1.0022191,1.001317,1.0023634,213,1,16,18,22
"41",5,66,1.0013891,1.0022191,1.001353,1.0023994,22,1,113,1,22
"42",5,67,1.0014253,1.0022191,1.0013891,1.0023994,120,1,2,1,22
"43",5,68,1.0014253,1.0022191,1.001353,1.0023634,120,1,200,18,22
"44",5,70,1.0014253,1.0022191,1.001353,1.0023634,220,1,100,18,22
"45",5,71,1.0016056,1.0022191,1.0014253,1.0023994,25,1,200,1,22
"46",5,73,1.0016056,1.0022191,1.0015335,1.0023994,25,1,61,1,22
"47",5,74,1.0015335,1.0022191,1.0014253,1.0023994,86,1,100,1,22
"48",5,75,1.0015335,1.002183,1.0014253,1.0022191,57,25,100,1,22
"49",5,76,1.0014253,1.002183,1.001317,1.0022191,131,25,16,1,22
"50",5,77,1.0014253,1.0022191,1.001317,1.0023634,231,1,16,18,22
"51",5,78,1.0014253,1.002183,1.001317,1.0022191,131,25,16,1,22
"52",5,79,1.001317,1.002183,1.0011727,1.0022191,16,25,135,1,22
"53",5,80,1.001317,1.0020747,1.0011727,1.002183,16,9,135,25,22
"54",5,81,1.001317,1.002183,1.0011727,1.0022191,16,25,135,1,22
"55",5,82,1.0016056,1.0018582,1.001353,1.0022191,25,3,25,1,22
"56",5,83,1.0014253,1.0018582,1.0013891,1.0022191,100,3,202,1,22
"57",5,85,1.0014253,1.0018582,1.0013891,1.0022191,100,3,202,1,22
"58",5,86,1.0014253,1.0018582,1.0013891,1.0022191,100,3,202,1,22
"59",5,87,1.0013891,1.0018221,1.0012809,1.002183,302,28,45,25,22
"60",5,88,1.0013891,1.0018221,1.0012809,1.002183,302,3,45,25,22
"61",5,89,1.0013891,1.0018221,1.0012809,1.002183,302,28,45,25,22
"62",5,90,1.0013891,1.0022191,1.001353,1.0022551,302,1,25,250,22
"63",5,91,1.0014253,1.0022191,1.0013891,1.0022551,200,11,202,250,22
"64",5,93,1.0014253,1.0022191,1.0013891,1.0022551,200,11,202,350,22
"65",5,96,1.0014253,1.0017861,1.0012809,1.0020747,100,25,45,25,22
"66",5,97,1.0014253,1.0022191,1.0012809,1.0022551,100,1,48,350,22
"67",5,98,1.0014253,1.0020386,1.0012809,1.0020747,100,25,48,10,22
"68",5,99,1.0014253,1.0020386,1.0012809,1.002183,100,25,48,15,22
"69",5,100,1.0014253,1.0017139,1.0012809,1.0020386,3,25,45,125,22
"70",5,101,1.0007758,1.0014614,1.0007397,1.00175,425,5,149,25,22
"71",5,102,1.0007758,1.0014614,1.0007397,1.0015335,407,15,149,100,22
"72",5,103,1.0007758,1.0014253,1.0007397,1.0014614,407,5,149,10,22
"73",5,104,1.0007758,1.0014253,1.0007397,1.0016779,407,115,149,25,22
"74",5,105,1.0007758,1.0014253,1.0007397,1.0016779,407,216,149,25,22
"75",5,106,1.0007758,1.0014253,1.0007397,1.0014614,407,361,149,5,22
"76",5,107,1.0007758,1.0013891,1.0007397,1.0014253,407,25,149,361,22
"77",5,108,1.0007758,1.0013891,1.0007397,1.0014253,407,30,149,361,22
"78",5,109,1.0007758,1.0013891,1.0007397,1.0014253,407,115,149,126,22
"79",5,110,1.0007758,1.0013891,1.0007397,1.0014253,407,274,149,101,22
"80",5,111,1.0007397,1.0013891,1.0005593,1.0014253,156,274,2,101,22
"81",5,112,1.0007397,1.0013891,1.0005593,1.0014253,156,140,2,101,22
"82",5,115,1.0007397,1.0013891,1.0005593,1.0014253,158,140,2,101,22
"83",5,116,1.0007397,1.0013891,1.0005593,1.0014253,158,240,2,101,22
"84",5,119,1.0007397,1.0013891,1.0005593,1.0014253,158,215,2,101,22
"85",5,120,1.0007758,1.0013891,1.0007397,1.0014253,407,205,151,101,22
"86",5,121,1.0007758,1.0013891,1.0007397,1.0014253,408,205,151,101,22
"87",5,122,1.0007758,1.0013891,1.0007397,1.0014253,11,105,158,101,22
"88",5,123,1.0004871,1.00092,1.0002345,1.0010644,70,5,100,25,22
"89",5,124,1.0004871,1.00092,1.0002345,1.0010644,70,6,100,25,22
"90",5,125,1.0004871,1.00092,1.0002345,1.0010644,70,6,100,125,22
"91",5,126,1.0004871,1.00092,1.0002345,1.0010644,70,6,100,225,22
"92",5,132,1.0006676,1.0014253,1.0006315,1.0014614,25,1,18,19,22
"93",5,133,1.0006315,1.0014253,1.0004871,1.0014614,18,1,25,19,22
"94",5,134,1.0006315,1.0014253,1.0005232,1.0016779,18,1,25,18,22
"95",5,136,1.0007036,1.0014253,1.0002345,1.0016779,10,1,101,18,22
"96",5,137,1.0002706,1.0014253,1.0002345,1.0016779,200,1,101,18,22
"97",5,138,1.0004871,1.0014253,1.0002345,1.0016779,25,1,101,18,22
"98",5,140,1.0002345,1.0014253,1.0001985,1.0016779,101,1,1,18,22
"99",5,143,1.0006315,1.0014253,1.0002345,1.0016779,25,1,101,18,22
"100",5,144,1.0006315,1.0014253,1.0002345,1.0016779,25,1,101,18,22
"101",5,145,1.0007036,1.0014253,1.0006315,1.0016779,18,1,25,18,22
"102",5,148,1.0008479,1.0014253,1.0007036,1.0016779,10,1,18,18,22
"103",5,151,1.0007397,1.0014253,1.0007036,1.0016779,10,1,18,18,22
"104",5,152,1.0007036,1.0014253,1.0006315,1.0016779,18,1,25,18,22
"105",5,156,1.0007036,1.0018582,1.0006315,1.0018944,18,29,25,18,22
"106",5,157,1.0007036,1.0016779,1.0006315,1.0018582,18,10,25,44,22
"107",5,158,1.0007036,1.0016779,1.0006315,1.0018582,18,10,25,19,22
"108",5,159,1.0007036,1.0018582,1.0006315,1.0018944,18,29,25,18,22
"109",5,161,1.0007397,1.0018582,1.0007036,1.0018944,25,29,18,18,22
"110",5,162,1.0007036,1.0018582,1.0005232,1.0018944,18,29,31,18,22
"111",5,164,1.0009923,1.0018582,1.0009562,1.0018944,25,129,20,25,22
"112",5,165,1.0009923,1.0018582,1.0009562,1.0018944,25,129,20,7,22
"113",5,166,1.0010283,1.0018582,1.0009923,1.0018944,10,129,45,7,22
"114",5,167,1.0016056,1.0021108,1.0011727,1.0022191,20,1,19,1,22
"115",5,169,1.0018944,1.0022191,1.0018582,1.0023994,10,1,20,1,22
"116",5,170,1.0018582,1.0022191,1.0011727,1.0023994,20,1,19,1,22
"117",5,171,1.0018582,1.0022191,1.0011727,1.0023994,20,1,19,1,22
"118",5,172,1.0018582,1.0022191,1.0011727,1.0023994,20,1,19,1,22
"119",5,174,1.0018582,1.0022191,1.0011727,1.0023994,20,1,19,1,22
"120",5,177,1.0018582,1.0022191,1.0016779,1.0023994,20,1,19,1,22
"121",5,178,1.0018582,1.0023994,1.0016779,1.0024717,20,1,32,1,22
"122",5,180,1.0018582,1.0023994,1.0016779,1.0024717,20,1,36,1,22
"123",5,182,1.0018582,1.0027242,1.0016779,1.0027603,20,18,38,1,22
"124",5,183,1.0018582,1.0027242,1.0016779,1.0027603,20,18,36,1,22
"125",5,187,1.0018582,1.0027242,1.0018221,1.0027603,20,18,25,1,22
"126",5,189,1.0018582,1.0027242,1.0016779,1.0027603,20,18,36,1,22
"127",5,190,1.0018582,1.0027242,1.0016779,1.0027603,20,118,61,1,22
"128",5,193,1.0018582,1.0027242,1.0016779,1.0027603,20,118,36,1,22
"129",5,198,1.0018582,1.0027242,1.0016779,1.0027603,20,218,36,1,22
"130",5,199,1.0018582,1.002652,1.0016779,1.0027242,20,100,23,218,22
"131",5,200,1.0018582,1.002652,1.0016779,1.0027242,20,100,23,218,22
"132",5,202,1.0022551,1.0027242,1.0016779,1.0027603,20,318,23,1,22
"133",5,203,1.0024717,1.0029047,1.0021468,1.0030489,20,1,19,2,22
"134",5,204,1.0024717,1.0029047,1.0021468,1.0030489,20,1,19,2,22
"135",5,205,1.0021468,1.0027603,1.0020026,1.0030489,19,1,25,2,22
"136",5,206,1.0021468,1.0030489,1.0020026,1.003085,19,2,25,32,22
"137",5,210,1.0024717,1.0030489,1.0021468,1.003085,2,2,19,32,22
"138",5,212,1.002183,1.0030489,1.0021468,1.003085,25,2,19,32,22
"139",5,213,1.002183,1.0030489,1.0021468,1.003085,125,2,119,32,22
"140",5,214,1.002183,1.0030489,1.0021468,1.003085,200,2,144,32,22
"141",5,215,1.0022551,1.0030489,1.0022191,1.003085,100,2,25,32,22
"142",5,217,1.0022551,1.0030489,1.0022191,1.003085,200,2,25,32,22
"143",5,219,1.0026882,1.0033015,1.0022551,1.0033737,25,1,200,1,22
"144",5,220,1.0023994,1.0033015,1.0023634,1.0033737,200,1,100,1,22
"145",5,221,1.0023994,1.0033015,1.0023634,1.0033737,200,1,100,11,22
"146",5,223,1.0024356,1.0033015,1.0023994,1.0033737,200,1,100,11,22
"147",5,224,1.002652,1.0033015,1.0023994,1.0033737,25,1,100,11,22
"148",5,226,1.0030129,1.0033737,1.002652,1.003518,25,11,25,31,22
"149",5,227,1.0026882,1.0033737,1.002652,1.003518,100,11,44,31,22
"150",5,228,1.0030489,1.0037706,1.002652,1.0038067,25,101,44,1,22
"151",5,231,1.0029047,1.0037706,1.002652,1.0038067,25,101,44,8,22
"152",5,233,1.0030129,1.0037706,1.0029768,1.0038067,200,101,163,8,22
"153",5,234,1.0032654,1.0037706,1.0032294,1.0038067,100,101,25,8,22
"154",5,235,1.0032654,1.0037706,1.0032294,1.0038067,100,101,25,8,22
"155",5,236,1.0031933,1.0037706,1.0030129,1.0038067,100,101,100,8,22
"156",5,237,1.0032294,1.0037706,1.0031933,1.0038067,200,101,100,8,22
"157",5,238,1.0033015,1.003951,1.0032654,1.0043118,200,1,25,1,22
"158",5,239,1.0033015,1.0043118,1.0032654,1.0043479,389,1,25,19,22
"159",5,240,1.0033737,1.0043118,1.0033376,1.0044562,700,1,189,1,22
"160",5,241,1.0033737,1.0043118,1.0033376,1.00442,700,1,189,19,22
"161",5,242,1.0033737,1.0043118,1.0033376,1.00442,700,1,208,19,22
"162",5,243,1.0033737,1.0043118,1.0033376,1.00442,700,1,189,19,22
"163",5,244,1.003482,1.0043118,1.0034459,1.00442,200,1,25,19,22
"164",5,245,1.003482,1.0043118,1.0034459,1.00442,200,1,25,119,22
"165",5,246,1.0034459,1.0043118,1.0034097,1.004384,100,1,8,25,22
"166",5,247,1.0040232,1.0044562,1.0038427,1.0045644,10,1,25,1,22
"167",5,248,1.0038788,1.0045644,1.0036623,1.0046005,25,1,25,1,22
"168",5,249,1.0038788,1.0045644,1.0036623,1.0046005,26,1,25,1,22
"169",5,250,1.003951,1.0046005,1.0036623,1.0046365,10,1,25,25,22
"170",5,251,1.0038427,1.0046005,1.0036623,1.0046726,25,1,25,7,22
"171",5,253,1.0041674,1.0049253,1.0038427,1.0049613,25,20,25,200,22
"172",5,254,1.0045644,1.0053221,1.00442,1.0054303,12,89,25,19,22
"173",5,255,1.00442,1.0053221,1.0041674,1.0054303,25,89,125,19,22
"174",5,256,1.00442,1.0053221,1.0041674,1.0054303,25,89,226,19,22
"175",5,257,1.00442,1.00525,1.0041674,1.0053221,25,1,226,1,22
"176",5,258,1.0044562,1.0053221,1.00442,1.0054303,288,1,100,19,22
"177",5,259,1.004853,1.0059716,1.00442,1.0062603,25,19,100,1,22
"178",5,260,1.004853,1.0059716,1.00442,1.0062603,25,19,25,1,22
"179",5,261,1.004853,1.0059716,1.0045283,1.0062603,25,19,19,1,22
"180",5,262,1.004853,1.0059716,1.0045283,1.0061882,25,19,19,25,22
"181",5,263,1.004853,1.0059716,1.0045283,1.0061882,25,19,19,25,22
"182",5,264,1.004853,1.0059716,1.0045283,1.0061882,25,19,19,25,22
"183",5,265,1.0048891,1.0059716,1.004853,1.0062603,200,19,100,1,22
"184",5,266,1.0048891,1.0059716,1.004853,1.0062603,24,19,100,1,22
"185",5,267,1.0048891,1.0059716,1.004853,1.0061882,24,19,100,25,22
"186",5,268,1.0054665,1.0065129,1.0051417,1.0068015,25,19,25,25,22
"187",5,269,1.0054665,1.0065129,1.0051417,1.0066932,25,19,25,25,22
"188",5,270,1.0056468,1.0065129,1.0054665,1.0066932,1,19,25,25,22
"189",5,271,1.0056468,1.0065129,1.0054665,1.0070541,76,19,25,19,22
"190",5,272,1.0056468,1.0065129,1.0051417,1.006585,76,19,25,25,22
"191",5,273,1.0056468,1.0065129,1.0051417,1.006585,76,19,25,25,22
"192",5,274,1.0056468,1.0065129,1.0055747,1.0069818,1,19,25,25,22
"193",5,275,1.0056468,1.0064768,1.0051417,1.0065129,1,125,25,19,22
"194",5,276,1.0056468,1.0064768,1.0051417,1.0065129,1,100,25,19,22
"195",5,277,1.0056468,1.0063685,1.0051417,1.0064046,1,1,25,1,22
"196",5,278,1.0056468,1.0063685,1.0054665,1.0064046,1,1,25,1,22
"197",5,279,1.0056468,1.0063685,1.0055747,1.0064046,1,1,25,1,22
"198",5,280,1.0056468,1.0063685,1.0053221,1.0064046,1,1,25,1,22
"199",5,281,1.0056468,1.0063685,1.0052861,1.0064046,1,1,25,1,22
"200",5,283,1.0056468,1.0063685,1.0053221,1.0064046,1,1,19,1,22
"201",5,286,1.0057551,1.0065489,1.0056468,1.0068015,10,1,1,1,22
"202",5,287,1.0056468,1.0065489,1.0053221,1.0068015,1,1,19,1,22
"203",5,288,1.0056468,1.0065489,1.0053221,1.0067654,1,1,19,7,22
"204",5,289,1.0058994,1.0067654,1.0058633,1.0068015,200,7,125,1,22
"205",5,290,1.0058994,1.0068015,1.0058633,1.0069458,300,1,100,26,22
"206",5,291,1.0058994,1.0068015,1.0058633,1.0069458,302,1,100,26,22
"207",5,292,1.0058994,1.0066932,1.0058633,1.0068015,302,7,100,1,22
"208",5,295,1.0058994,1.0066932,1.0058633,1.0067294,302,7,100,167,22
"209",5,296,1.0059716,1.0066571,1.0059355,1.0066932,100,25,80,7,22
"210",5,297,1.0058994,1.0066571,1.0058633,1.0067294,102,25,100,167,22
"211",5,298,1.0059355,1.0066571,1.0058994,1.0068015,100,21,102,1,22
"212",5,299,1.0059355,1.0066571,1.0058994,1.0068015,100,46,102,1,22
"213",5,300,1.0059355,1.0066211,1.0058994,1.0068015,100,21,102,1,22
"214",5,301,1.0059355,1.0066211,1.0058994,1.0068015,200,21,100,1,22
"215",5,302,1.0059355,1.0066211,1.0058633,1.0068015,402,63,100,1,22
"216",5,303,1.0060077,1.0068015,1.0059716,1.0069458,100,1,25,1,22
"217",5,308,1.0060077,1.0068015,1.0059716,1.0069458,100,1,100,1,22
"218",5,309,1.0060077,1.0068015,1.0059716,1.0069458,100,1,100,1,22
"219",5,312,1.0060438,1.0068015,1.0060077,1.0069458,100,1,100,1,22
"220",5,313,1.0060438,1.0068015,1.0060077,1.0069458,100,1,100,1,22
"221",5,314,1.0060438,1.0068015,1.0060077,1.0069458,100,1,100,1,22
"222",5,315,1.0060438,1.0068015,1.0060077,1.0069458,100,1,100,1,22
"223",5,316,1.0060077,1.0068015,1.0059355,1.0069458,100,1,100,1,22
"224",5,317,1.0060077,1.0068015,1.0059355,1.0068376,100,1,100,25,22
"225",5,321,1.0060438,1.0068015,1.0060077,1.0069458,189,1,100,1,22
"226",5,322,1.0060798,1.0068015,1.0060438,1.0069458,100,1,114,1,22
"227",5,323,1.0060438,1.0066932,1.0058633,1.0068015,289,60,100,1,22
"228",5,324,1.0055386,1.0062603,1.0055026,1.0065129,100,25,100,25,22
"229",5,325,1.0055386,1.0062603,1.0055026,1.0063324,100,100,100,25,22
"230",5,326,1.0055026,1.0062603,1.0054665,1.0065129,200,225,100,25,22
"231",5,327,1.0055026,1.0062603,1.0054665,1.0065129,200,325,100,25,22
"232",5,328,1.0051056,1.0062242,1.0049613,1.0062603,19,26,100,200,22
"233",5,330,1.0051056,1.0062242,1.0050695,1.0062603,19,25,25,200,22
"234",5,331,1.00525,1.0062603,1.0051056,1.0066932,25,200,19,160,22
"235",5,332,1.00525,1.0062603,1.0051056,1.0064046,25,300,19,25,22
"236",5,333,1.0051056,1.0062603,1.0050695,1.0064046,19,300,25,25,22
"237",5,334,1.0051056,1.0062603,1.0049613,1.0062964,19,300,200,18,22
"238",5,335,1.0051056,1.0062603,1.0049613,1.0062964,1,300,200,18,22
"239",5,336,1.0051056,1.0062603,1.0049613,1.0062964,1,360,200,25,22
"240",5,338,1.0051056,1.0059355,1.0049613,1.0060077,1,1,200,25,22
"241",5,341,1.0051056,1.0059355,1.0050695,1.0060077,1,1,18,25,22
"242",5,342,1.0051417,1.0060438,1.0051056,1.0062603,200,119,126,200,22
"243",5,343,1.0051417,1.0060438,1.0051056,1.0062603,200,100,126,200,22
"244",5,347,1.0051417,1.0060438,1.0051056,1.0061159,200,100,126,25,22
"245",5,349,1.0051417,1.0060438,1.0051056,1.0061159,200,100,101,25,22
"246",5,350,1.0046726,1.0052861,1.0046005,1.0053221,100,200,144,25,22
"247",5,351,1.003951,1.0049613,1.0037706,1.0052861,18,25,13,100,22
"248",5,352,1.003951,1.0049613,1.0037706,1.0052861,18,25,13,100,22
"249",5,353,1.003951,1.0049613,1.0037706,1.0052861,18,132,13,100,22
"250",5,354,1.003951,1.0049613,1.0037706,1.0052861,18,282,13,100,22
"251",5,355,1.003951,1.0049253,1.0037706,1.0049613,18,25,13,107,22
"252",5,356,1.003951,1.0049253,1.0037706,1.0049613,18,25,13,207,22
"253",5,358,1.0037706,1.0049253,1.0036262,1.0049613,13,26,4,274,22
"254",5,359,1.0036262,1.0043118,1.0034097,1.0043479,4,252,18,100,22
"255",5,362,1.0031933,1.004853,1.0031571,1.0049613,189,2,25,100,22
"256",5,363,1.0031571,1.0042758,1.003085,1.0046365,25,188,29,25,22
"257",5,364,1.0031933,1.0042758,1.0031571,1.004853,100,196,25,2,22
"258",5,365,1.0031571,1.0042397,1.0028685,1.0042758,25,355,18,8,22
"259",5,367,1.0031571,1.0042397,1.0028685,1.0042758,25,355,18,8,22
"260",5,377,1.0031571,1.0042397,1.0028685,1.0042758,25,267,18,8,22
"261",5,378,1.0031571,1.0042397,1.0028685,1.0042758,25,367,18,8,22
"262",5,380,1.0029047,1.0042036,1.0028685,1.0042397,100,287,18,100,22
"263",5,381,1.0029047,1.0042036,1.0028685,1.0042397,214,199,18,100,22
"264",5,382,1.0029047,1.0042036,1.0028685,1.0042397,100,199,18,100,22
"265",5,383,1.0029047,1.0038427,1.0028685,1.0038788,100,26,18,200,22
"266",5,384,1.0029047,1.0038427,1.0028685,1.0038788,100,26,18,200,22
"267",5,385,1.0030489,1.0038427,1.0030129,1.0038788,100,2,25,200,22
"268",5,386,1.0029047,1.0038427,1.0028685,1.0038788,125,1,18,367,22
"269",5,387,1.0031933,1.0042036,1.0029047,1.0042758,25,99,325,8,22
"270",5,389,1.0031933,1.0042036,1.0029047,1.0042758,25,99,325,8,22
"271",5,392,1.0031933,1.0041674,1.0029047,1.0042036,25,121,325,99,22
"272",5,394,1.0029047,1.0041674,1.0028685,1.0042036,325,121,18,99,22
"273",5,397,1.0029047,1.0038427,1.0028685,1.003915,300,25,18,18,22
"274",5,398,1.0029407,1.0038427,1.0029047,1.003915,100,26,200,18,22
"275",5,399,1.0029407,1.0038427,1.0029047,1.003915,400,26,100,18,22
"276",5,402,1.0029768,1.0038067,1.0029407,1.0038427,200,25,100,1,22
"277",5,404,1.0030129,1.0038067,1.0029768,1.0038427,300,25,100,1,22
"278",5,406,1.0031571,1.0038427,1.0029768,1.0040592,10,25,100,25,22
"279",5,407,1.0031571,1.0038427,1.0029768,1.003951,10,25,100,19,22
"280",5,410,1.0030129,1.0038427,1.0029768,1.0040592,100,26,100,25,22
"281",5,411,1.0031571,1.0038427,1.0031211,1.0040592,100,1,25,25,22
"282",5,412,1.0031571,1.0038427,1.0029768,1.003915,10,1,100,25,22
"283",5,413,1.0030129,1.003915,1.0029768,1.0041674,200,25,100,246,22
"284",5,415,1.0030489,1.0041674,1.0030129,1.0042036,110,246,325,99,22
"285",5,416,1.0030129,1.0041674,1.0029768,1.0042036,100,292,100,99,22
"286",5,418,1.0030489,1.0041674,1.0030129,1.0042036,500,253,200,99,22
"287",5,419,1.003085,1.0033015,1.0025077,1.0034097,100,100,1,25,22
"288",5,420,1.003085,1.0037706,1.0028324,1.003951,100,25,19,25,22
"289",5,421,1.003085,1.0037706,1.0028324,1.003951,56,25,19,25,22
"290",5,422,1.0031571,1.0041674,1.0031211,1.0042036,100,34,25,99,22
"291",5,423,1.003085,1.0041314,1.0028324,1.0041674,56,25,19,34,22
"292",5,424,1.003085,1.0041314,1.0028324,1.0041674,56,25,44,34,22
"293",5,425,1.003085,1.0041674,1.0030489,1.0042036,56,8,25,99,22
"294",5,426,1.003085,1.0041314,1.0030489,1.0041674,56,30,25,8,22
"295",5,427,1.003085,1.0040953,1.0030489,1.0041314,56,25,25,30,22
"296",5,428,1.0031211,1.0041314,1.003085,1.0041674,25,30,56,8,22
"297",5,429,1.0031211,1.0040953,1.003085,1.0041314,25,28,58,30,22
"298",5,430,1.0028685,1.0040592,1.0028324,1.0040953,200,3,282,25,22
"299",5,437,1.0028685,1.0040592,1.0028324,1.0040953,200,3,119,25,22
"300",5,440,1.0029407,1.0040592,1.0029047,1.0040953,389,3,95,25,22
"301",5,443,1.0029768,1.0040592,1.0029047,1.0040953,289,3,95,25,22
"302",5,444,1.0029768,1.0040592,1.0029047,1.0040953,314,3,95,25,22
"303",5,445,1.0029768,1.0040592,1.0029047,1.0041674,314,3,95,57,22
"304",5,446,1.0030129,1.0040592,1.0029768,1.0040953,100,3,25,25,22
"305",5,447,1.0030129,1.0040592,1.0029768,1.0041674,100,16,25,57,22
"306",5,448,1.0030129,1.0040592,1.0029768,1.0040953,100,16,25,25,22
"307",5,449,1.0030129,1.0040592,1.0029768,1.0040953,100,16,25,25,22
"308",5,450,1.0030129,1.0040592,1.0029768,1.0041674,100,16,25,82,22
"309",5,451,1.0030129,1.0040592,1.0029768,1.0041674,100,16,25,57,22
"310",5,452,1.0030129,1.0040592,1.0029768,1.0041674,100,16,25,57,22
"311",5,453,1.0028685,1.0038067,1.0028324,1.0038788,200,25,119,19,22
"312",5,454,1.0028685,1.003482,1.0028324,1.0038067,10,25,119,25,22
"313",5,460,1.0028324,1.0038067,1.0025077,1.0038427,119,25,1,164,22
"314",5,461,1.0028324,1.0038067,1.0025077,1.0038427,119,41,1,148,22
"315",5,462,1.0028324,1.0038067,1.0025077,1.0038427,119,141,1,148,22
"316",5,463,1.0028324,1.0034459,1.0025077,1.0038067,119,31,1,125,22
"317",5,464,1.0028324,1.0031211,1.0025077,1.0034459,100,25,1,289,22
"318",5,465,1.0028324,1.0034459,1.0025077,1.0037345,100,389,1,100,22
"319",5,467,1.0028685,1.0034459,1.0028324,1.0035902,200,192,218,25,22
"320",5,468,1.0028324,1.0034459,1.0025077,1.0035902,200,276,1,25,22
"321",5,470,1.0028685,1.0034459,1.0028324,1.003482,100,276,218,7,22
"322",5,471,1.0028324,1.0034459,1.0025077,1.003482,118,276,1,7,22
"323",5,472,1.0028324,1.0034459,1.0025077,1.003482,128,276,1,7,22
"324",5,475,1.0028685,1.0034459,1.0028324,1.003482,33,276,118,7,22
"325",5,476,1.0028685,1.0034459,1.0028324,1.003482,33,276,100,7,22
"326",5,479,1.0028685,1.0034459,1.0028324,1.003482,33,276,100,7,22
"327",5,483,1.0029768,1.0034459,1.0028324,1.003482,1,376,100,7,22
"328",5,484,1.0028324,1.0034459,1.0025077,1.003482,100,276,1,7,22
"329",5,488,1.0028324,1.0034459,1.0027964,1.003482,100,276,18,7,22
"330",5,489,1.0032294,1.0039871,1.0028685,1.0040232,25,100,25,20,22
"331",5,490,1.0028685,1.0039871,1.0028324,1.0040232,25,129,100,20,22
"332",5,492,1.0028685,1.0039871,1.0028324,1.0040232,25,100,100,18,22
"333",5,493,1.0028685,1.0039871,1.0028324,1.0040232,25,100,100,18,22
"334",5,494,1.0029047,1.0040232,1.0028685,1.0041674,100,18,25,8,22
"335",5,495,1.0029047,1.0040232,1.0028685,1.0041674,100,18,25,33,22
"336",5,496,1.0030129,1.0040232,1.0028685,1.0041674,10,18,25,8,22
"337",5,497,1.0030129,1.0040232,1.0028685,1.0041674,10,18,25,33,22
"338",5,498,1.0028685,1.0040232,1.0028324,1.0041674,25,18,100,33,22
"339",5,499,1.0029407,1.003951,1.0028324,1.0040232,10,25,100,18,22
"340",5,500,1.0028685,1.0040232,1.0028324,1.0041314,125,18,100,1,22
"341",5,502,1.0028324,1.0035541,1.0027964,1.003951,100,25,18,25,22
"342",5,503,1.0028324,1.003951,1.0027964,1.0040232,100,25,18,18,22
"343",5,528,1.0028324,1.003951,1.0027964,1.0040232,200,25,18,18,22
"344",5,529,1.0030129,1.003951,1.0028685,1.0040232,10,67,100,18,22
"345",5,531,1.0030129,1.003951,1.0028685,1.0040232,10,67,101,18,22
"346",5,537,1.0028685,1.0034459,1.0028324,1.003951,101,67,100,67,22
"347",5,538,1.0028685,1.0034459,1.0028324,1.0036262,101,42,100,25,22
"348",5,542,1.0022912,1.0027242,1.0017861,1.0031211,100,25,18,25,22
"349",5,544,1.0022912,1.0031211,1.0022551,1.0034459,100,25,18,42,22
"350",5,546,1.0022912,1.0031211,1.0022551,1.0034459,100,66,18,42,22
"351",5,549,1.0022912,1.0031211,1.0022551,1.0034459,100,66,38,42,22
"352",5,550,1.0022912,1.0031211,1.0022551,1.0034097,100,66,38,20,22
"353",5,552,1.0022912,1.0031211,1.0022551,1.0034097,101,66,38,20,22
"354",5,554,1.0017861,1.002652,1.0016779,1.0029768,18,1,101,18,22
"355",5,556,1.0017861,1.002652,1.0016779,1.0029768,18,101,101,18,22
"356",5,560,1.0016779,1.002652,1.0015335,1.0029768,101,101,8,18,22
"357",5,563,1.0016779,1.002652,1.0015335,1.0029768,101,102,8,18,22
"358",5,567,1.0016779,1.002652,1.0015335,1.0029768,101,202,17,18,22
"359",5,571,1.0016779,1.0025799,1.0015335,1.0026159,101,26,17,20,22
"360",5,572,1.0016779,1.0025799,1.0015335,1.0026159,201,26,17,20,22
"361",5,574,1.001317,1.0020026,1.0012448,1.0025438,18,25,100,126,22
"362",5,575,1.001317,1.0020026,1.0012448,1.0025438,18,151,100,225,22
"363",5,576,1.001317,1.0020026,1.0012448,1.0025438,18,151,100,227,22
"364",5,577,1.001317,1.0020026,1.0012448,1.0025438,18,151,100,228,22
"365",5,578,1.001317,1.0020026,1.0012448,1.0025438,18,126,100,232,22
"366",5,579,1.0008479,1.0016418,1.0007036,1.0020026,18,101,100,25,22
"367",5,584,1.0007036,1.0016418,1.0003788,1.0020026,100,201,18,25,22
"368",5,585,1.000884,1.0016056,1.0007036,1.0016418,18,20,200,200,22
"369",5,586,1.000884,1.0019304,1.0007036,1.002183,18,125,200,206,22
"370",5,587,1.000884,1.0019304,1.0007036,1.002183,18,150,200,206,22
"371",5,588,1.000884,1.0019304,1.0007036,1.002183,18,125,200,206,22
"372",5,590,1.000884,1.0019304,1.0007036,1.002183,18,150,200,206,22
"373",5,592,1.000884,1.0019304,1.0007036,1.002183,18,125,100,206,22
"374",5,593,1.0013891,1.0021468,1.000884,1.002183,19,22,18,206,22
"375",5,595,1.0013891,1.0021468,1.000884,1.002183,19,22,18,204,22
"376",5,596,1.000884,1.0021468,1.0008118,1.002183,18,22,200,200,22
"377",5,597,1.00092,1.0021468,1.000884,1.002183,100,22,18,100,22
"378",5,599,1.0013891,1.0021468,1.000884,1.002183,19,22,18,100,22
"379",11,0,1.0000821,1.0005419,1.0000165,1.0007719,5,102,42,43,22
"380",11,1,1.0000821,1.0005419,1.0000165,1.0007719,5,102,43,43,22
"381",11,2,1.0001149,1.0005419,1.0000821,1.0007719,25,102,5,18,22
"382",11,3,1.0001149,1.0005419,1.0000821,1.0007719,25,101,5,18,22
"383",11,14,1.0001149,1.0005419,1.0000821,1.0007719,25,101,7,18,22
"384",11,19,1.0001149,1.0005419,1.0000821,1.0007719,25,121,5,58,22
"385",11,20,1.0001149,1.0005419,1.0000821,1.0007719,25,101,7,18,22
"386",11,49,1.0004435,1.0009362,1.0001478,1.0009689,25,100,100,200,22
"387",11,50,1.0004762,1.0009689,1.0004435,1.0010018,200,100,1,24,22
"388",11,51,1.0004435,1.0010018,1.0002464,1.0012318,17,24,25,16,22
"389",11,52,1.0000821,1.0006734,1.0000165,1.0007062,5,200,43,25,22
"390",11,53,1.0000821,1.0007062,1.0000165,1.0007719,5,25,43,18,22
"391",11,54,1.0000821,1.0006734,1.0000165,1.0007062,5,9,43,25,22
"392",11,58,1.0000821,1.0006734,1.0000165,1.0007719,5,9,43,18,22
"393",11,66,1.0000821,1.0006734,1.0000165,1.0010018,5,9,43,24,22
"394",11,69,1.0000821,1.0006734,1.0000165,1.0007719,5,9,43,18,22
"395",11,75,1.0000821,1.0006734,1.0000165,1.0007719,5,9,43,118,22
"396",11,79,1.0000821,1.0006734,1.0000165,1.0007719,5,9,43,40,22
"397",11,81,1.0000821,1.0006734,1.0000165,1.0010018,5,9,43,24,22
"398",11,90,1.0000821,1.0006734,1.0000165,1.0008048,5,9,43,18,22
"399",11,95,1.0001149,1.0006734,1.0000821,1.0010018,225,9,105,24,22
"400",11,96,1.0001149,1.0006734,1.0000821,1.0010018,125,9,105,24,22
"401",11,97,1.0001149,1.0006734,1.0000821,1.0010018,25,9,105,49,22
"402",11,101,1.0001149,1.0006734,1.0000821,1.0010018,25,9,105,49,22
"403",11,102,1.0001149,1.0006734,1.0000821,1.0008376,25,9,105,25,22
"404",11,103,1.0001149,1.0006734,1.0000821,1.0008376,25,9,105,25,22
"405",11,105,1.0001149,1.0006734,1.0000821,1.0008376,25,9,105,25,22
"406",11,106,1.0000821,1.0006734,1.0000165,1.0008376,105,9,43,25,22
"407",11,107,1.0001149,1.0006734,1.0000821,1.0010018,100,9,5,49,22
"408",11,108,1.0001149,1.0006734,1.0000821,1.0007719,100,9,5,25,22
"409",11,111,1.0001149,1.0006734,1.0000821,1.0009032,100,9,5,25,22
"410",11,112,1.0001149,1.0006734,1.0000821,1.0008705,100,9,5,25,22
"411",11,115,1.0001149,1.0006734,1.0000821,1.0008048,100,9,5,1,22
"412",11,116,1.0001149,1.0006734,1.0000821,1.0008048,100,9,5,1,22
"413",11,118,1.0001478,1.0006734,1.0001149,1.0008048,200,9,100,1,22
"414",11,119,1.0001478,1.0006734,1.0001149,1.0007719,200,9,100,1,22
"415",11,120,1.0001149,1.0006734,1.0000821,1.0007719,200,9,5,1,22
"416",11,121,1.0001149,1.0006734,1.0000821,1.0008048,200,9,5,1,22
"417",11,122,1.0001478,1.0006734,1.0001149,1.0007719,100,9,100,1,22
"418",11,123,1.0001149,1.0006734,1.0000821,1.0008048,200,9,5,1,22
"419",11,127,1.0001149,1.0006734,1.0000821,1.0008048,200,9,5,1,22
"420",11,133,1.0001149,1.0006734,1.0000821,1.0008048,200,4,5,1,22
"421",11,136,1.0001478,1.0006734,1.0001149,1.0008048,100,4,100,1,22
"422",11,139,1.0001478,1.0006734,1.0001149,1.0008048,100,4,100,41,22
"423",11,141,1.0001806,1.0006734,1.0001149,1.0008048,42,4,100,41,22
"424",11,143,1.0001806,1.0006734,1.0001478,1.0008048,142,4,100,41,22
"425",11,147,1.0001806,1.0006734,1.0001478,1.0008048,358,4,100,41,22
"426",11,149,1.0001806,1.0005091,1.0000821,1.0006734,458,1,5,4,22
"427",11,156,1.0001806,1.0005091,1.0000821,1.0008048,458,1,5,40,22
"428",11,158,1.0001806,1.0005091,1.0000821,1.0008048,433,1,5,57,22
"429",11,159,1.0001806,1.0005091,1.0000821,1.0008048,416,1,5,57,22
"430",11,160,1.0001806,1.0005091,1.0000165,1.0006405,316,1,43,25,22
"431",11,161,1.0001806,1.0005091,1.0000492,1.0008048,416,1,25,57,22
"432",11,162,1.0001806,1.0005091,1.0000165,1.0006405,416,1,43,25,22
"433",11,163,1.0001806,1.0005091,1.0000165,1.0006405,416,1,43,25,22
"434",11,165,1.0001806,1.0005091,1.0000165,1.0006405,416,1,43,25,22
"435",11,167,1.0001806,1.0005091,1.0000165,1.0006405,416,1,43,25,22
"436",11,174,1.0001806,1.0005091,1.0000165,1.0006405,416,1,43,25,22
"437",11,175,1.0001806,1.0005091,1.0000165,1.0006405,316,1,43,25,22
"438",11,176,1.0001806,1.0005091,1.0000165,1.0006405,316,1,43,25,22
"439",11,177,1.0001806,1.0005091,1.0000165,1.0006405,316,1,43,25,22
"440",11,178,1.0001806,1.0005091,1.0000165,1.0008048,316,1,43,57,22
"441",11,179,1.0001806,1.0005091,1.0000165,1.0006076,316,1,43,25,22
"442",11,180,1.0001806,1.0005091,1.0000165,1.0008048,216,1,43,57,22
"443",11,181,1.0001806,1.0005091,1.0000165,1.0007062,216,1,43,25,22
"444",11,182,1.0001806,1.0005091,1.0000165,1.0007062,216,1,43,25,22
"445",11,183,1.0001806,1.0005091,1.0000165,1.0008048,216,1,43,57,22
"446",11,185,1.0001806,1.0007062,1.0000165,1.0007719,416,25,43,100,22
"447",11,186,1.0001806,1.0007062,1.0000165,1.0008048,316,25,43,57,22
"448",11,188,1.0001806,1.0007062,1.0000165,1.0008048,316,126,43,57,22
"449",11,190,1.0001806,1.0007062,1.0000165,1.0008048,416,1,43,57,22
"450",11,191,1.0001806,1.0007062,1.0000165,1.0008048,200,26,43,40,22
"451",11,193,1.0002135,1.0007062,1.0000165,1.0008048,100,26,43,40,22
"452",11,195,1.0002135,1.0007062,1.0000165,1.0008048,100,26,43,40,22
"453",11,196,1.0002135,1.0007062,1.0000492,1.0008048,100,1,25,40,22
"454",11,197,1.0002135,1.0007062,1.0000492,1.0008048,100,1,25,40,22
"455",11,199,1.0002135,1.0007062,1.0001806,1.0008048,100,21,20,40,22
"456",11,200,1.0002135,1.0007062,1.0001806,1.0008048,100,1,20,40,22
"457",11,202,1.0002135,1.0007062,1.0001806,1.0008048,100,26,20,57,22
"458",11,204,1.0002135,1.0006734,1.0001806,1.0007062,100,25,20,1,22
"459",11,205,1.0002135,1.0006734,1.0001806,1.0008048,100,36,20,40,22
"460",11,206,1.0002135,1.0006734,1.0001806,1.0007062,100,36,20,100,22
"461",11,207,1.0002135,1.0006734,1.0001806,1.0008048,101,11,20,100,22
"462",11,208,1.0002135,1.0006734,1.0001806,1.0007062,201,10,20,26,22
"463",11,211,1.0002135,1.0006734,1.0001806,1.0007062,201,10,20,1,22
"464",11,212,1.0002135,1.0006734,1.0001806,1.0007062,201,10,37,1,22
"465",11,214,1.0002464,1.0006734,1.0002135,1.0007062,271,10,300,1,22
"466",11,216,1.0002464,1.0006734,1.0002135,1.0007062,471,10,100,1,22
"467",11,221,1.0002464,1.0006734,1.0001806,1.0007062,571,10,37,1,22
"468",11,222,1.0002464,1.0006734,1.0001806,1.0009362,471,10,37,100,22
"469",11,223,1.0002464,1.0006734,1.0001806,1.0009362,500,10,37,100,22
"470",11,224,1.0002464,1.0006734,1.0001806,1.0009362,500,10,20,100,22
"471",11,228,1.0002464,1.0006734,1.0001806,1.0009362,500,10,36,100,22
"472",11,230,1.0002464,1.0006734,1.0001806,1.0010018,500,10,36,102,22
"473",11,243,1.0002464,1.0006734,1.0001806,1.0009362,500,10,36,100,22
"474",11,244,1.0002464,1.0006734,1.0001806,1.0009032,500,10,36,25,22
"475",11,246,1.0002464,1.0006734,1.0001806,1.0010018,500,10,36,2,22
"476",11,249,1.0002464,1.0006734,1.0001806,1.0008705,500,10,36,100,22
"477",11,258,1.0002464,1.0006734,1.0001806,1.0008048,500,10,36,100,22
"478",11,259,1.0002464,1.0006734,1.0001806,1.0008048,500,10,36,20,22
"479",11,261,1.0002464,1.0006734,1.0001806,1.0007062,500,10,36,1,22
"480",11,271,1.0005091,1.0010018,1.0004762,1.0011332,129,2,25,43,22
"481",11,272,1.0005091,1.0010018,1.0004762,1.0011332,29,2,25,43,22
"482",11,273,1.0005419,1.0010018,1.0005091,1.0011332,29,2,100,43,22
"483",11,277,1.0005419,1.0010018,1.0005091,1.0011332,29,2,171,43,22
"484",11,278,1.0005419,1.0010018,1.0005091,1.0011332,29,2,171,143,22
"485",11,279,1.0005419,1.0010018,1.0005091,1.0011332,54,2,171,43,22
"486",11,281,1.0005748,1.0010018,1.0005419,1.0011332,25,2,29,43,22
"487",11,283,1.0005748,1.0010018,1.0005091,1.0011332,25,2,200,43,22
"488",11,284,1.0005091,1.0010018,1.0004762,1.0011332,200,2,25,43,22
"489",11,285,1.0005091,1.0010018,1.0004106,1.0010675,200,2,25,100,22
"490",11,286,1.0005091,1.0010018,1.0004106,1.0011332,200,2,25,43,22
"491",11,293,1.0005091,1.0010018,1.0001806,1.0011332,200,2,16,43,22
"492",11,294,1.0005091,1.0010018,1.0001806,1.0011332,200,102,16,43,22
"493",11,295,1.0005091,1.0010675,1.0001806,1.0011332,200,100,16,43,22
"494",11,304,1.0005419,1.0010675,1.0005091,1.0011332,25,100,200,43,22
"495",11,306,1.0005091,1.0010675,1.0001806,1.0011332,200,100,16,43,22
"496",11,307,1.0005091,1.0011332,1.0001806,1.0012318,200,43,16,41,22
"497",11,309,1.0005091,1.0009362,1.0001806,1.0011332,200,100,16,43,22
"498",11,310,1.0005091,1.0009362,1.0001806,1.0011332,200,200,16,43,22
"499",11,311,1.0005091,1.0009362,1.0001806,1.0011332,129,200,16,43,22
"500",11,316,1.0005091,1.0009362,1.0001806,1.0011332,200,100,16,143,22
"501",11,319,1.0005091,1.0009362,1.0001806,1.0011332,200,120,16,183,22
"502",11,320,1.0005091,1.0009362,1.0001806,1.0009689,200,100,16,9,22
"503",11,327,1.0001149,1.0009362,1.0000165,1.0009689,42,120,1,9,22
"504",11,328,1.0001806,1.0009362,1.0001149,1.0009689,33,153,42,9,22
"505",11,329,1.0001149,1.0009362,1.0000165,1.0009689,42,153,1,9,22
"506",11,331,1.0001806,1.0007391,1.0001149,1.0009362,17,25,42,136,22
"507",11,332,1.0001149,1.0007391,1.0000165,1.0009362,42,26,1,136,22
"508",11,333,1.0001149,1.0007391,1.0000165,1.0009362,42,30,1,100,22
"509",11,334,1.0001149,1.0007391,1.0000165,1.0009362,42,56,1,100,22
"510",11,335,1.0001149,1.0007391,1.0000165,1.0007719,42,56,1,16,22
"511",11,336,1.0001149,1.0007391,1.0000165,1.0007719,42,52,1,16,22
"512",11,339,1.0001149,1.0004106,1.0000165,1.0007391,42,25,1,52,22
"513",11,341,1.0001149,1.0007391,1.0000165,1.0007719,42,52,1,16,22
"514",11,342,1.0001478,1.0007391,1.0001149,1.0007719,5,53,42,16,22
"515",11,346,1.0001478,1.0007391,1.0001149,1.0007719,5,55,42,16,22
"516",11,352,1.0001478,1.0007391,1.0001149,1.0007719,5,55,42,16,22
"517",11,353,1.0001149,1.0007391,1.0000165,1.0007719,42,155,1,16,22
"518",11,356,1.0001149,1.0007391,1.0000165,1.0007719,42,156,1,16,22
"519",11,361,1.0001149,1.0007391,1.0000165,1.0007719,42,56,1,16,22
"520",11,366,1.0001149,1.0007391,1.0000165,1.0007719,42,57,1,16,22
"521",11,368,1.0001149,1.0003449,1.0000165,1.0004435,42,3,1,25,22
"522",11,369,1.0001149,1.0003449,1.0000165,1.0004435,42,4,1,25,22
"523",11,371,1.0001149,1.0003449,1.0000165,1.0004435,42,3,1,25,22
"524",11,372,1.0001806,1.0006734,1.0001149,1.0007062,5,2,42,126,22
"525",11,373,1.0001806,1.0006734,1.0001149,1.0007062,5,2,42,128,22
"526",11,374,1.0002135,1.0006734,1.0001806,1.0007062,25,2,5,28,22
"527",11,375,1.0002135,1.0006734,1.0001806,1.0007062,25,2,5,28,22
"528",11,379,1.0001806,1.0006734,1.0001149,1.0007062,5,22,42,68,22
"529",11,381,1.0002792,1.0006734,1.0001149,1.0007062,25,2,42,28,22
"530",11,387,1.0002792,1.0007062,1.0001806,1.0009362,25,31,16,200,22
"531",11,388,1.0003121,1.0007062,1.0002792,1.0011661,5,31,25,3,22
"532",11,391,1.0003121,1.0007062,1.0002792,1.0011661,5,31,25,103,22
"533",11,392,1.0003121,1.0007062,1.0001806,1.0011004,5,131,16,100,22
"534",11,393,1.0002792,1.0007062,1.0002135,1.0011004,25,131,5,100,22
"535",11,394,1.0003121,1.0007062,1.0002792,1.0011661,5,131,25,3,22
"536",11,397,1.0003121,1.0007062,1.0001149,1.0008048,5,131,42,25,22
"537",11,398,1.0001806,1.0007062,1.0001149,1.0009032,17,131,42,100,22
"538",11,399,1.0001149,1.0007062,1.0000165,1.0008705,42,131,26,100,22
"539",11,401,1.0000492,1.0007062,1.0000165,1.0008376,141,136,1,100,22
"540",11,402,1.0000821,1.0007062,1.0000492,1.0008705,5,131,41,125,22
"541",11,403,1.0001149,1.0007062,1.0000821,1.0008376,200,131,5,100,22
"542",11,404,1.0001149,1.0007062,1.0000492,1.0009032,200,131,41,100,22
"543",11,405,1.0000821,1.0007062,1.0000492,1.0008705,100,131,41,125,22
"544",11,406,0.99991786,1.0002135,0.999885,1.0004435,1,25,1,5,22
"545",11,407,0.9998522,1.0000492,0.99981934,1.0002135,1,25,1,25,22
"546",11,408,0.9997208,1.0000492,0.99968797,1.0002135,1,25,1,30,22
"547",11,409,0.9997208,1.0002135,0.99968797,1.0004762,1,26,1,25,22
"548",11,410,0.99955654,1.0002135,0.9995237,1.0004762,1,25,1,25,22
"549",11,411,0.9996223,1.0002135,0.99955654,1.0004762,17,25,1,25,22
"550",11,412,0.9996223,1.0002135,0.99955654,1.0004762,18,25,1,25,22
"551",11,413,0.9996223,1.0004762,0.99955654,1.0006734,118,25,1,25,22
"552",11,414,0.9996223,1.0004106,0.99955654,1.0004435,118,100,1,5,22
"553",11,416,0.9996223,1.0002464,0.99955654,1.0004435,118,25,1,5,22
"554",11,417,0.9996223,1.0002464,0.99955654,1.0004435,118,25,1,7,22
"555",11,418,0.9996223,1.0002464,0.99955654,1.0004106,118,25,1,25,22
"556",11,420,0.9996223,1.0004106,0.99955654,1.0004435,118,25,1,7,22
"557",11,422,0.9996223,1.0002464,0.99955654,1.0004106,118,25,1,25,22
"558",11,423,0.9996223,1.0004106,0.99955654,1.0004435,118,25,1,7,22
"559",11,425,0.9996223,1.0003778,0.99955654,1.0004435,118,125,1,7,22
"560",11,426,0.9996223,1.0003778,0.99955654,1.0004435,118,125,1,5,22
"561",11,428,0.9996223,1.0002464,0.99955654,1.0003778,118,25,1,30,22
"562",11,429,0.99955654,1.0002135,0.9995237,1.0002464,1,5,1,25,22
"563",11,430,0.99955654,1.0001806,0.9995237,1.0002135,1,5,1,27,22
"564",11,431,0.99955654,1.0001806,0.9995237,1.0002135,1,7,1,25,22
"565",11,435,0.99955654,1.0001478,0.9995237,1.0001806,1,30,1,2,22
"566",11,436,0.99955654,1.0000821,0.9995237,1.0001149,1,6,1,29,22
"567",11,437,0.99955654,1.0000821,0.9995237,1.0001149,1,6,1,31,22
"568",11,439,0.99955654,1.0000821,0.9995237,1.0001149,1,17,1,64,22
"569",11,441,0.99955654,0.9997865,0.9995237,1.0000821,1,4,1,17,22
"570",11,443,0.99955654,1.0000821,0.9995237,1.0001149,1,16,1,94,22
"571",11,444,0.99955654,1.0000821,0.9995237,1.0001149,1,10,1,94,22
"572",11,445,0.99955654,1.0000821,0.9995237,1.0001149,1,12,1,94,22
"573",11,446,0.99955654,1.0000821,0.9995237,1.0001149,1,10,1,94,22
"574",11,450,0.99955654,1.0000821,0.9995237,1.0001149,1,11,1,194,22
"575",11,451,0.99955654,1.0000821,0.9995237,1.0001149,1,1,1,154,22
"576",11,452,0.99955654,1.0000821,0.9995237,1.0001149,1,1,1,54,22
"577",11,453,0.99955654,1.0001149,0.9995237,1.0001806,2,54,1,7,22
"578",11,455,0.99955654,1.0001149,0.9995237,1.0001806,1,54,1,7,22
"579",11,458,0.99955654,1.0000821,0.9995237,1.0001149,1,1,1,54,22
"580",11,461,0.99955654,1.0001149,0.9995237,1.0001806,1,54,1,7,22
"581",11,463,0.99955654,1.0001149,0.9995237,1.0001806,1,54,1,7,22
"582",11,465,0.99955654,1.0000821,0.9995237,1.0001149,1,6,1,54,22
"583",11,466,0.99955654,1.0000821,0.9995237,1.0001149,2,5,1,54,22
"584",11,470,0.99955654,1.0000821,0.9995237,1.0001149,1,10,1,149,22
"585",11,471,0.99955654,1.0000821,0.9995237,1.0001149,1,11,1,149,22
"586",11,473,0.99955654,1.0000821,0.9995237,1.0001149,2,6,1,54,22
"587",11,474,0.99955654,1.0000821,0.9995237,1.0001149,1,10,1,50,22
"588",11,475,0.99955654,1.0000821,0.9995237,1.0001149,1,11,1,49,22
"589",11,476,0.99955654,1.0000821,0.9995237,1.0001149,1,136,1,24,22
"590",11,480,0.99955654,1.0000821,0.9995237,1.0001149,1,36,2,24,22
"591",11,482,0.99955654,1.0000821,0.9995237,1.0001149,2,36,1,24,22
"592",11,483,0.99958944,1.0000821,0.99955654,1.0001149,2,36,101,24,22
"593",11,489,0.99955654,1.0000821,0.9995237,1.0001149,203,36,1,24,22
"594",11,499,0.99955654,1.0000821,0.9995237,1.0001149,203,56,1,64,22
"595",11,502,0.99949086,0.99998355,0.999458,1.0000492,1,5,1,25,22
"596",11,503,0.99949086,0.99998355,0.999458,1.0000492,1,15,1,25,22
"597",11,504,0.99949086,0.99991786,0.999458,0.99998355,1,38,1,10,22
"598",11,505,0.99949086,0.99991786,0.999458,0.99998355,1,40,1,8,22
"599",11,506,0.99949086,0.99991786,0.999458,0.99998355,1,47,1,8,22
"600",11,507,0.99949086,0.99991786,0.999458,1.0001149,1,47,1,64,22
"601",11,508,0.99932665,0.99991786,0.9992938,1.0000165,1,47,2,25,22
"602",11,513,0.99932665,0.99991786,0.9992938,1.0001149,1,76,2,64,22
"603",11,514,0.99932665,0.99958944,0.9992938,0.99991786,1,2,2,75,22
"604",11,515,0.99932665,0.99958944,0.9992938,0.99991786,1,2,2,64,22
"605",11,516,0.99932665,0.99958944,0.9992938,0.99991786,1,10,2,59,22
"606",11,517,0.99932665,0.99958944,0.9992938,0.99991786,1,11,2,58,22
"607",11,519,0.99932665,0.99958944,0.9992938,0.99991786,1,12,2,58,22
"608",11,520,0.99932665,0.99958944,0.9992938,0.999885,1,6,2,9,22
"609",11,521,0.99932665,0.99958944,0.9992938,0.999885,1,5,2,9,22
"610",11,525,0.99932665,0.99958944,0.9992938,0.999885,111,6,2,9,22
"611",11,526,0.99932665,0.99958944,0.9992938,0.999885,211,1,2,9,22
"612",11,536,0.99932665,0.99958944,0.9992938,0.999885,201,1,2,9,22
"613",11,539,0.999458,0.999885,0.99932665,0.99991786,41,9,201,72,22
"614",11,540,0.9994252,0.999885,0.99932665,0.99991786,25,9,201,72,22
"615",11,541,0.99932665,0.999885,0.9992938,0.99991786,201,9,2,72,22
"616",11,542,0.9993595,0.999885,0.99932665,0.99991786,100,9,201,72,22
"617",11,543,0.99949086,0.999885,0.99932665,0.99991786,100,9,101,72,22
"618",11,544,0.99949086,0.999885,0.99932665,0.99991786,100,9,118,72,22
"619",11,549,0.99949086,0.99991786,0.99932665,1.0000165,100,72,101,1,22
"620",11,551,0.9995237,0.99991786,0.99949086,1.0000165,25,72,100,1,22
"621",11,552,0.99949086,0.99991786,0.99932665,1.0000165,100,72,101,1,22
"622",11,553,0.99949086,0.99991786,0.99939233,1.0000165,100,73,1,1,22
"623",11,555,0.9995237,0.99991786,0.99949086,1.0000165,100,73,25,1,22
"624",11,556,0.9995237,0.99991786,0.99949086,1.0000165,100,73,25,1,22
"625",11,557,0.9995237,0.99991786,0.99939233,1.0000165,100,73,1,1,22
"626",11,559,0.9995237,0.99991786,0.99939233,1.0000165,100,93,1,141,22
"627",11,569,0.9995237,0.99991786,0.999458,1.0000165,100,93,25,41,22
"628",11,571,0.9995237,0.99991786,0.99939233,1.0000165,100,93,1,41,22
"629",11,572,0.9995237,0.99991786,0.999458,1.0000165,100,93,25,41,22
"630",11,577,0.9995237,0.99991786,0.999458,1.0000165,100,73,25,41,22
"631",11,578,0.9995237,0.99991786,0.999458,1.0000165,100,73,25,1,22
"632",11,580,0.9995237,0.99991786,0.999458,1.0000165,100,75,25,1,22
"633",11,581,0.99975365,1.0001149,0.9995237,1.0001806,25,27,100,7,22
"634",11,582,0.9996223,1.0001149,0.9995237,1.0001806,25,27,100,7,22
"635",11,584,0.99975365,1.0001149,0.9996223,1.0001806,100,27,25,7,22
"636",11,587,0.9997865,1.0001149,0.99975365,1.0001806,100,27,200,7,22
"637",11,588,0.99939233,0.9998522,0.9993595,0.99991786,1,25,1,100,22
"638",11,589,0.99939233,0.9998522,0.9993595,1.0001149,1,25,1,52,22
"639",11,591,0.99939233,1.0001149,0.9993595,1.0001478,1,52,1,18,22
"640",11,594,0.9994252,1.0001149,0.99939233,1.0001478,25,52,98,118,22
"641",11,595,0.9994252,1.0001149,0.99939233,1.0001478,25,27,98,18,22
"642",11,596,0.9994252,1.0001149,0.99939233,1.0001478,25,27,1,143,22
"643",11,597,0.9994252,1.0001149,0.99939233,1.0001478,25,27,1,18,22
"644",11,598,0.9994252,1.0001149,0.99939233,1.0001478,25,27,1,18,22
"645",16,0,0.99979186,1.0003747,0.9995421,1.0004163,100,16,100,20,22
"646",16,4,0.9995421,1.000333,0.99945885,1.0003747,100,110,20,26,22
"647",16,6,1.0005411,1.0011655,0.99991673,1.0012903,100,7,21,300,22
"648",16,7,1.0005411,1.0011655,1.0004579,1.0012903,130,7,21,100,22
"649",16,8,1,1.0005411,0.99991673,1.0008742,100,1,21,21,22
"650",16,10,1.0002913,1.0008326,0.99991673,1.0010406,100,6,21,100,22
"651",16,13,1.0002913,1.0008326,0.99991673,1.001332,100,6,21,200,22
"652",16,16,1.0002913,1.0008326,0.99991673,1.001332,100,6,21,200,22
"653",16,20,1.0002913,1.0008326,0.99991673,1.001332,100,6,21,255,22
"654",16,21,1.0002913,1.0008326,0.99991673,1.0012487,100,6,21,100,22
"655",16,22,1.0002913,1.0008326,0.99991673,1.0012487,100,5,21,100,22
"656",16,28,1.0002913,1.0008326,0.99991673,1.0012487,100,5,21,155,22
"657",16,30,1.0002913,1.0008326,0.99991673,1.0012071,100,5,21,55,22
"658",16,38,1.0002913,1.0008326,0.99991673,1.0012487,266,5,21,100,22
"659",16,45,0.99991673,1.0005411,0.9996254,1.0007908,37,101,100,120,22
"660",16,46,0.99991673,1.0005411,0.9996254,1.0007492,16,101,100,100,22
"661",16,48,0.99991673,1.0005411,0.9996254,1.0008742,16,101,100,21,22
"662",16,49,0.99991673,1.0005411,0.9996254,1.0007492,16,101,100,55,22
"663",16,50,0.9999584,1.0005411,0.9996254,1.0007076,116,101,100,55,22
"664",16,53,0.9999584,1.0005411,0.99991673,1.0007492,116,107,21,55,22
"665",16,54,0.9999584,1.0005411,0.99991673,1.0008742,116,7,21,21,22
"666",16,71,0.9999584,1.0004995,0.9996254,1.0005411,16,100,200,7,22
"667",16,73,1,1.0005411,0.99991673,1.0007492,116,7,21,1,22
"668",16,80,1,1.000666,0.99991673,1.0007076,100,200,21,300,22
"669",16,81,0.99991673,1.000666,0.9996254,1.0007076,21,200,200,300,22
"670",16,83,0.99991673,1.000666,0.9996254,1.0007076,21,156,100,100,22
"671",16,90,0.99979186,1.0002497,0.9996254,1.0007076,100,100,100,100,22
"672",16,91,0.99979186,1.0002497,0.9996254,1.0007076,100,200,100,100,22
"673",16,94,0.99979186,1.0002497,0.9996254,1.0004995,100,200,100,55,22
"674",16,95,0.9996254,1.0002081,0.9995421,1.0002497,100,100,100,200,22
"675",16,96,0.9996254,1.0002081,0.99945885,1.0002497,100,100,20,200,22
"676",16,98,0.99979186,1.0002497,0.9996254,1.0005827,100,200,100,55,22
"677",16,99,0.99979186,1.0002497,0.9996254,1.0005411,100,200,100,55,22
"678",16,100,0.9996254,1.0002081,0.99945885,1.0002497,100,110,20,200,22
"679",16,103,0.99979186,1.0002081,0.9996254,1.0002497,100,10,100,200,22
"680",16,104,0.9996254,1.0001665,0.99945885,1.0002497,100,110,20,300,22
"681",16,108,0.9996254,1.0001665,0.99945885,1.0002497,100,210,20,355,22
"682",16,109,0.9996254,1.0000832,0.99945885,1.0001249,100,110,20,100,22
"683",16,113,0.9996254,1.0000832,0.99945885,1.0001665,100,116,20,155,22
"684",16,114,0.9996254,1.0000832,0.99937564,1.0001665,100,116,21,155,22
"685",16,118,0.999667,1.0002497,0.9996254,1.0006244,100,400,100,100,22
"686",16,119,0.999667,1.0002497,0.9996254,1.0004163,100,300,100,56,22
"687",16,120,0.999667,1.0002497,0.9996254,1.000333,100,300,100,22,22
"688",16,123,0.999667,1.0002081,0.9996254,1.0002497,100,100,100,200,22
"689",16,126,0.999667,1.0002081,0.9996254,1.0002497,100,155,100,200,22
"690",16,132,0.9996254,1.0002081,0.9995005,1.0002497,100,155,100,200,22
"691",16,134,0.9996254,1.0002081,0.9995005,1.0002497,100,155,100,100,22
"692",16,136,0.999667,1.0002081,0.9996254,1.0002497,100,255,100,100,22
"693",16,138,0.999667,1.0002081,0.9996254,1.0002497,100,155,100,100,22
"694",16,141,0.9996254,1.0002081,0.9995005,1.0002497,100,155,100,100,22
"695",16,142,0.99970865,1.0002497,0.9996254,1.0004995,100,200,100,56,22
"696",16,144,0.99970865,1.0002497,0.9996254,1.0003747,100,200,100,56,22
"697",16,152,0.99975026,1.0002497,0.9996254,1.0003747,100,200,100,56,22
"698",16,158,0.99975026,1.0002497,0.9996254,1.0003747,100,200,100,56,22
"699",16,159,0.999667,1.0002081,0.9996254,1.0002497,100,1,100,400,22
"700",16,162,0.999667,1.0001665,0.9996254,1.0002081,100,100,100,1,22
"701",16,163,0.999667,1.0001665,0.9996254,1.0002497,100,1,100,300,22
"702",16,169,0.9996254,1.0001249,0.99937564,1.0002497,100,111,21,300,22
"703",16,172,0.999667,1.0001249,0.9996254,1.0002497,100,1,100,300,22
"704",16,173,0.999667,1.0001249,0.9996254,1.0002497,100,7,100,300,22
"705",16,176,0.999667,1.0001249,0.9996254,1.0002497,100,7,100,356,22
"706",16,181,0.99991673,1.0007908,0.9998751,1.0008326,100,100,21,27,22
"707",16,182,1.0000416,1.0006244,0.9998751,1.0008742,100,120,21,1,22
"708",16,183,1.0000416,1.0006244,0.9998751,1.0008742,100,100,21,1,22
"709",16,184,1.0000416,1.0008742,0.9998751,1.0009158,100,2,21,22,22
"710",16,200,0.99991673,1.0006244,0.9998751,1.0008326,200,1,21,100,22
"711",16,202,0.99991673,1.0008326,0.9998751,1.0008742,200,100,21,1,22
"712",16,203,0.99991673,1.0008742,0.9998751,1.0009158,200,1,21,22,22
"713",16,204,0.99991673,1.0008742,0.9998751,1.0009158,200,1,21,1,22
"714",16,209,0.99991673,1.0008742,0.9998751,1.0009158,200,1,21,22,22
"715",16,233,0.99991673,1.0008742,0.9998751,1.0009158,200,123,21,22,22
"716",16,235,0.99991673,1.0008742,0.9998751,1.0009158,200,117,21,22,22
"717",16,236,1.0001249,1.000666,0.99991673,1.0008742,100,10,100,7,22
"718",16,237,1.0001249,1.000666,0.99991673,1.0008742,102,10,100,7,22
"719",16,239,1.0001249,1.0006244,0.99991673,1.0008742,2,112,100,7,22
"720",16,240,0.9999584,1.0006244,0.99991673,1.0008742,100,112,102,7,22
"721",16,241,0.9999584,1.0006244,0.99991673,1.0008742,102,112,100,7,22
"722",16,244,0.9999584,1.0004579,0.99991673,1.0005827,102,4,100,13,22
"723",16,245,0.9999584,1.0005827,0.99991673,1.0008742,102,13,100,7,22
"724",16,248,0.9991675,0.9999584,0.9991259,1,100,100,100,110,22
"725",16,249,0.999334,0.9999584,0.9991259,1.0000416,22,110,100,200,22
"726",16,251,0.999334,0.9999584,0.9991259,1.0002081,22,110,100,100,22
"727",16,253,0.999334,0.9999584,0.9991259,1.0002081,22,210,100,100,22
"728",16,255,0.999334,0.9999584,0.9991259,1.0002081,22,210,100,200,22
"729",16,256,0.999334,0.9999584,0.9991259,1.0002081,81,210,100,200,22
"730",16,260,0.999334,0.9999584,0.9991259,1.0002081,81,210,100,100,22
"731",16,261,0.99945885,0.9999584,0.999334,1.0002081,100,110,81,100,22
"732",16,263,0.999334,0.99991673,0.9991259,0.9999584,22,110,100,100,22
"733",16,280,0.9991259,0.9996254,0.99895936,0.9998751,100,110,100,100,22
"734",16,281,0.9991259,0.9996254,0.99904263,0.9998751,100,110,100,100,22
"735",16,282,0.9991259,0.9996254,0.99904263,0.9998751,100,110,100,100,22
"736",16,283,0.9991259,0.9996254,0.99904263,0.9998751,100,10,100,100,22
"737",16,285,0.99925077,0.9996254,0.9991259,0.9998751,100,10,100,100,22
"738",16,288,0.99937564,0.9999584,0.999334,1.0002913,100,100,23,100,22
"739",16,289,0.99937564,0.99991673,0.999334,0.9999584,100,100,23,100,22
"740",16,292,0.999334,0.9998335,0.9991259,0.99991673,23,100,200,100,22
"741",16,293,0.999334,0.9998335,0.9991259,0.99991673,23,106,200,100,22
"742",16,298,0.99937564,0.9998335,0.999334,0.9999584,100,6,23,100,22
"743",16,299,0.99937564,0.9998335,0.999334,0.9998751,102,6,23,100,22
"744",16,302,0.99937564,0.9998335,0.999334,0.9998751,102,6,23,101,22
"745",16,306,0.99937564,0.99979186,0.999334,0.9998335,2,100,23,6,22
"746",16,307,0.999334,0.99979186,0.9992091,0.9998335,23,100,102,6,22
"747",16,310,0.9992091,0.99970865,0.9991259,0.9998335,54,100,100,6,22
"748",16,317,0.9992091,0.99970865,0.9991259,0.9998335,54,100,100,6,22
"749",16,319,0.9992091,0.99970865,0.9991259,0.9998335,2,100,100,6,22
"750",16,320,0.9991259,0.9995421,0.9988761,0.999667,100,200,100,100,22
"751",16,321,0.9991259,0.9995421,0.9988761,0.999667,100,100,100,100,22
"752",16,331,0.9991259,0.9995421,0.9988761,0.999667,100,110,100,100,22
"753",16,332,0.9991259,0.9995421,0.99891776,0.999667,100,110,100,100,22
"754",16,335,0.9991259,0.9995421,0.9988761,0.999667,100,110,100,100,22
"755",16,337,0.9991259,0.9995421,0.99891776,0.999667,100,110,100,100,22
"756",16,344,0.9991259,0.9995005,0.99891776,0.9995421,100,10,100,100,22
"757",16,345,0.9991259,0.9995005,0.9988761,0.9995421,100,10,100,100,22
"758",16,346,0.9991259,0.9995005,0.99891776,0.9995421,100,10,100,100,22
"759",16,347,0.9991259,0.9995005,0.999001,0.9995421,100,10,3,100,22
"760",16,350,0.9991259,0.9995005,0.999001,0.9995421,100,10,3,100,22
"761",16,353,0.999334,0.9998751,0.9991675,0.9999584,21,1,100,200,22
"762",16,355,0.99925077,0.99975026,0.9991675,0.99979186,100,100,100,100,22
"763",16,357,0.9991675,0.99975026,0.9991259,0.99979186,100,100,100,100,22
"764",16,358,0.99925077,0.9998751,0.9991675,0.9999584,200,1,100,200,22
"765",16,360,0.99925077,0.99975026,0.9991675,0.9998751,100,100,100,1,22
"766",16,365,0.9992091,0.99975026,0.9991675,0.9998751,100,100,100,1,22
"767",16,366,0.9992091,0.99975026,0.9991675,0.9998751,2,100,100,1,22
"768",16,367,0.9996254,1.0001249,0.9995837,1.0001665,100,100,100,300,22
"769",16,368,0.9996254,1.0001249,0.999334,1.0001665,2,119,21,300,22
"770",16,369,0.999334,1.0001249,0.99925077,1.0001665,21,219,102,300,22
"771",16,372,0.9996254,1.0001249,0.999334,1.0001665,100,19,21,100,22
"772",16,374,0.9996254,1.0001249,0.99937564,1.0001665,200,19,100,100,22
"773",16,380,0.9996254,1.0001249,0.99945885,1.0001665,100,19,100,100,22
"774",16,382,0.9996254,1.0001249,0.99945885,1.0001665,200,19,100,100,22
"775",16,389,0.9996254,0.9998335,0.99945885,1.0001249,200,100,100,19,22
"776",16,390,0.9996254,0.9998335,0.99945885,1.0001249,100,100,100,19,22
"777",16,391,0.9996254,1.0000832,0.99945885,1.0001249,100,200,100,19,22
"778",16,394,0.9996254,1,0.99945885,1.0000416,100,100,100,100,22
"779",16,401,0.9996254,1,0.9995421,1.0000416,100,100,96,100,22
"780",16,432,0.9996254,1,0.9995421,1.0000416,100,100,96,200,22
"781",16,440,0.999667,1.0000416,0.9996254,1.0000832,103,100,100,100,22
"782",16,441,0.999667,1.0000416,0.9996254,1.0000832,103,100,100,100,22
"783",16,442,0.999667,1.0000416,0.9996254,1.0000832,103,100,100,100,22
"784",16,447,0.999667,1.0000832,0.9996254,1.0001249,103,100,100,19,22
"785",16,448,0.999667,1,0.9996254,1.0000832,103,10,100,100,22
"786",16,453,0.9996254,0.9999584,0.999334,1,100,110,21,100,22
"787",16,459,0.9996254,0.9999584,0.999334,1,100,10,21,155,22
"788",16,470,1,1.0003747,0.99979186,1.0005827,100,1,23,2,22
"789",16,475,1,1.0003747,0.99979186,1.0005827,200,1,23,2,22
"790",16,486,1.0002081,1.0005827,1.0000416,1.0006244,200,2,100,101,22
"791",16,488,1.0002081,1.0005827,1,1.0006244,200,2,100,101,22
"792",16,501,1,1.0003747,0.999667,1.0004163,100,100,100,200,22
"793",16,502,0.9995837,1,0.9995421,1.0001249,100,100,100,200,22
"794",16,505,0.9995837,1,0.9995421,1.0002081,100,100,100,100,22
"795",16,506,0.999667,1.0001665,0.9995837,1.0002081,100,100,100,200,22
"796",16,510,0.999667,1.0001665,0.9995421,1.0002081,100,100,100,200,22
"797",16,512,0.9995421,1.0000832,0.99941725,1.0001249,100,100,100,200,22
"798",16,514,0.999667,1.0000832,0.9996254,1.0001665,100,100,100,199,22
"799",16,515,0.999667,1.0000832,0.9995421,1.0001665,100,100,100,199,22
"800",16,517,0.9995421,1.0000832,0.99941725,1.0001665,100,100,100,199,22
"801",16,518,0.9995421,1.0000832,0.99941725,1.0002081,100,100,100,100,22
"802",16,519,0.999667,1.0000832,0.9995421,1.0002081,100,100,100,100,22
"803",16,522,0.999667,1.0001665,0.9995421,1.0004163,100,100,100,23,22
"804",16,527,0.9995421,1.0001665,0.99941725,1.0004163,100,200,100,23,22
"805",16,528,0.99941725,1,0.999334,1.0000416,100,100,21,100,22
"806",16,529,0.99941725,1,0.999334,1.0001665,100,100,21,100,22
"807",16,531,0.999667,1.0001249,0.99941725,1.0001665,100,100,100,100,22
"808",16,533,0.999667,1.0001249,0.99941725,1.0001665,102,100,100,100,22
"809",16,534,0.999667,1.0001249,0.9995005,1.0001665,102,100,100,100,22
"810",16,540,0.999667,1.0001249,0.9996254,1.0001665,2,100,100,100,22
"811",16,541,0.9996254,1.0001249,0.9995005,1.0001665,102,100,100,100,22
"812",16,542,0.9996254,1.0001249,0.9995005,1.0001665,102,100,100,100,22
"813",16,543,0.9996254,1.0000416,0.9995005,1.0001249,2,100,100,100,22
"814",16,544,0.9995005,1.0000416,0.99941725,1.0001249,102,100,100,100,22
"815",16,548,0.9995005,1.0000416,0.99941725,1.0001249,2,100,100,100,22
"816",16,549,0.99941725,1.0000416,0.99937564,1.0001249,102,100,1,100,22
"817",16,558,0.99941725,1.0000416,0.99937564,1.000333,102,100,1,100,22
"818",16,559,0.99941725,1.0000416,0.99937564,1.000333,102,200,1,100,22
"819",16,560,0.99941725,0.9999584,0.99937564,1.0000416,102,100,18,100,22
"820",16,561,0.999667,0.9999584,0.99941725,1.0000416,2,100,100,100,22
"821",16,562,0.999667,1.0000416,0.9996254,1.000333,2,100,100,100,22
"822",16,563,0.999667,1.0000416,0.99941725,1.000333,2,200,100,100,22
"823",16,564,0.999667,1.0000416,0.99941725,1.0002081,2,200,100,55,22
"824",16,565,0.99970865,1.0000416,0.999667,1.000333,100,200,2,100,22
"825",16,566,0.9998751,1.0000416,0.99941725,1.000333,2,210,100,155,22
"826",16,567,0.9998751,1.0002913,0.99941725,1.000333,2,100,100,300,22
"827",16,571,0.9998751,1.0002913,0.99941725,1.000333,2,120,100,300,22
"828",16,573,0.9998751,1.0002913,0.99941725,1.000333,2,120,100,300,22
"829",16,576,0.9998751,1.0002913,0.99941725,1.000333,2,120,100,300,22
"830",16,581,0.9998751,1.0001249,0.99941725,1.000333,2,100,100,300,22
"831",16,582,0.9998751,1.0001249,0.99941725,1.000333,2,100,100,100,22
"832",16,583,0.9999584,1.000333,0.9998751,1.0005827,100,200,2,2,22
"833",16,584,1.0001249,1.000333,0.99979186,1.0005827,2,200,22,2,22
"834",16,590,0.9998335,1.000333,0.9996254,1.0005827,200,300,100,2,22
"835",16,593,0.9998335,1.000333,0.9996254,1.0004579,200,300,100,22,22
"836",16,594,0.9998335,1.000333,0.99979186,1.0005827,200,300,22,57,22
"837",16,595,0.9998335,1.000333,0.99979186,1.0005827,200,300,22,2,22
"838",16,596,0.9998335,1.000333,0.99979186,1.0005827,200,300,22,57,22
"839",31,0,0.9996992,1.0002005,0.9996323,1.0003009,4,108,16,100,22
"840",31,1,0.9996992,1.0002005,0.99959886,1.0003009,2,108,4,100,22
"841",31,2,0.9996992,1.0002005,0.99966574,1.0003009,2,109,1,100,22
"842",31,3,0.9996992,1.0002005,0.99966574,1.0003009,2,109,1,100,22
"843",31,4,0.9996992,1.0002005,0.99966574,1.0003009,2,109,26,100,22
"844",31,5,0.9996992,1.0002005,0.99966574,1.0003009,2,13,26,100,22
"845",31,10,0.9996992,1.0002005,0.99966574,1.0003009,18,13,26,100,22
"846",31,11,0.9996992,1.0002005,0.99966574,1.0003009,22,12,26,100,22
"847",31,12,0.99996656,1.0002005,0.9996992,1.0003009,3,12,17,100,22
"848",31,13,0.99996656,1.0002005,0.9996992,1.0003009,3,13,17,100,22
"849",31,15,0.99996656,1.0002005,0.9996992,1.0003009,4,13,16,100,22
"850",31,19,0.9996992,1.0002005,0.99966574,1.0003009,16,13,1,125,22
"851",31,20,0.9996992,1.0001003,0.99966574,1.0002005,18,12,1,5,22
"852",31,21,0.9996992,1.0001003,0.99966574,1.0002005,18,13,1,4,22
"853",31,24,0.9996992,1.0001003,0.99966574,1.0002005,18,13,1,104,22
"854",31,29,0.9996992,1.0002005,0.99966574,1.0003009,16,204,1,134,22
"855",31,30,0.9996992,1.0002005,0.99966574,1.0003009,16,205,1,100,22
"856",31,32,0.9996992,1.0002005,0.99966574,1.0003009,16,206,1,100,22
"857",31,33,0.9996992,1.0001003,0.99966574,1.0002005,50,1,1,205,22
"858",31,34,0.99979943,1.0002005,0.9996992,1.0003009,66,205,50,100,22
"859",31,37,0.99979943,1.0002005,0.9996992,1.0003009,67,205,34,100,22
"860",31,40,0.99979943,1.0001671,0.9996992,1.0002005,67,107,34,101,22
"861",31,44,0.9993314,0.999766,0.99923116,1.0001338,101,25,1,25,22
"862",31,45,0.99936485,0.99966574,0.9993314,1.0001338,3,34,101,25,22
"863",31,46,0.9994986,1.0001338,0.99936485,1.0001671,16,25,3,7,22
"864",31,47,0.99936485,1.0001338,0.9993314,1.0001671,4,25,101,7,22
"865",31,48,0.99936485,1.0000334,0.9993314,1.0001338,4,1,101,25,22
"866",31,49,0.99936485,1.0001338,0.9993314,1.0002005,4,25,101,100,22
"867",31,50,0.9994986,1.0000334,0.99936485,1.0001338,3,8,1,25,22
"868",31,51,0.9994986,1.0000334,0.9993314,1.0001338,4,14,101,25,22
"869",31,54,0.99936485,1.0000334,0.9993314,1.0001338,4,14,101,25,22
"870",31,55,0.99936485,0.99973255,0.9993314,1.0000334,4,25,1,14,22
"871",31,56,0.9993314,0.99973255,0.999064,0.99983287,1,31,1,1,22
"872",31,58,0.9993314,0.99973255,0.999064,0.99983287,1,32,1,1,22
"873",31,59,0.9993314,1,0.9991643,1.0000334,1,25,16,8,22
"874",31,61,0.9993314,1,0.9991643,1.0000334,1,4,16,8,22
"875",31,62,0.9993314,0.99996656,0.9991643,1,1,35,16,4,22
"876",31,64,0.9993314,0.99996656,0.9991643,1,1,36,16,4,22
"877",31,65,0.9993314,0.99996656,0.9991643,1,1,36,19,4,22
"878",31,66,0.9993314,0.99996656,0.9991643,1,1,36,20,4,22
"879",31,67,0.9993314,0.99996656,0.999064,1,1,36,1,4,22
"880",31,72,0.9993314,0.99996656,0.9991643,1,1,36,18,4,22
"881",31,73,0.9993314,0.99996656,0.99929804,1,1,36,3,4,22
"882",31,75,0.9993314,0.99979943,0.99929804,0.99996656,1,11,3,26,22
"883",31,81,0.9993314,0.99979943,0.99929804,0.99996656,1,11,3,26,22
"884",31,83,0.9993314,0.99979943,0.99929804,0.99996656,1,13,3,26,22
"885",31,86,0.999064,0.99979943,0.9986963,0.99996656,1,10,25,26,22
"886",31,87,0.999064,0.99979943,0.9986963,0.99996656,1,12,25,26,22
"887",31,91,0.999064,0.99979943,0.9986963,0.99996656,1,10,25,26,22
"888",31,92,0.999064,0.99979943,0.9986963,0.99996656,1,12,25,26,22
"889",31,93,0.999064,0.99979943,0.9986629,0.99996656,1,12,33,26,22
"890",31,94,0.999064,0.99979943,0.9986629,0.99996656,1,12,33,26,22
"891",31,98,0.999064,0.99979943,0.9986629,0.99996656,1,113,33,25,22
"892",31,100,0.999064,0.99979943,0.9986629,0.99996656,1,111,33,25,22
"893",31,101,0.999064,0.99979943,0.9986629,0.99996656,1,113,33,25,22
"894",31,102,0.999064,0.99979943,0.9986629,0.99996656,1,113,33,25,22
"895",31,106,0.999064,0.99979943,0.9986629,0.99996656,1,118,35,25,22
"896",31,107,0.999064,0.99979943,0.9986629,0.99996656,1,118,36,25,22
"897",31,110,0.999064,0.999532,0.99883,0.99979943,1,25,100,112,22
"898",31,111,0.999064,0.999532,0.99883,0.99979943,1,138,100,105,22
"899",31,112,0.999064,0.999532,0.99883,0.9996323,1,120,100,25,22
"900",31,114,0.999064,0.999532,0.9988969,0.9996323,1,120,31,25,22
"901",31,121,0.9988969,0.999532,0.99883,0.9996323,31,120,125,25,22
"902",31,122,0.9988969,0.999532,0.99883,0.9996323,31,121,125,25,22
"903",31,123,0.9988969,0.999532,0.99883,0.9996323,31,121,100,25,22
"904",31,130,0.9988969,0.999532,0.99883,0.9996323,31,121,200,25,22
"905",31,133,0.9988969,0.999532,0.99883,0.9996323,31,121,200,25,22
"906",31,134,0.9988969,0.99936485,0.99883,0.999532,31,11,200,112,22
"907",31,135,0.9988969,0.99936485,0.99883,0.999532,31,124,200,106,22
"908",31,136,0.9988969,0.99936485,0.99883,0.999532,31,217,200,106,22
"909",31,139,0.9988969,0.99936485,0.99883,0.999532,31,217,200,140,22
"910",31,140,0.9988969,0.99936485,0.99883,0.999532,31,217,200,106,22
"911",31,142,0.9988969,0.99936485,0.99883,0.999532,31,217,200,106,22
"912",31,146,0.9988969,0.99936485,0.99883,0.999532,31,224,200,106,22
"913",31,147,0.9988969,0.99936485,0.99883,0.999532,31,217,200,106,22
"914",31,150,0.9988969,0.99936485,0.99883,0.999532,31,222,200,106,22
"915",31,154,0.9988969,0.99936485,0.99883,0.999532,31,229,200,106,22
"916",31,156,0.9988969,0.99936485,0.99883,0.999532,31,222,200,106,22
"917",31,161,0.9988969,0.99936485,0.99883,0.999532,31,222,200,106,22
"918",31,164,0.9989637,0.99936485,0.9988969,0.999532,1,222,31,106,22
"919",31,167,0.9989637,0.99936485,0.9988969,0.999532,16,229,67,106,22
"920",31,168,0.99899715,0.99936485,0.9989637,0.999532,3,229,16,106,22
"921",31,170,0.9990306,0.99936485,0.99899715,0.999532,100,222,3,106,22
"922",31,171,0.9990306,0.99936485,0.99899715,0.999532,109,229,3,106,22
"923",31,173,0.9990306,0.99936485,0.99899715,0.999532,109,222,3,106,22
"924",31,177,0.9990306,0.99936485,0.99899715,0.999532,109,223,3,106,22
"925",31,178,0.99886346,0.9991643,0.99883,0.9991977,3,148,100,100,22
"926",31,179,0.9986963,0.99909747,0.9980946,0.99913085,100,100,16,105,22
"927",31,180,0.9986963,0.99909747,0.9986629,0.99913085,100,3,1,108,22
"928",31,182,0.9986963,0.99886346,0.9986629,0.99909747,100,1,1,11,22
"929",31,183,0.9986963,0.99886346,0.9986629,0.99909747,100,1,1,111,22
"930",31,184,0.9986963,0.99886346,0.9986629,0.99899715,100,1,1,2,22
"931",31,185,0.9986963,0.99899715,0.9986629,0.99909747,100,2,1,108,22
"932",31,186,0.9986963,0.99899715,0.9986629,0.99909747,100,1,1,109,22
"933",31,188,0.9986963,0.99899715,0.9986629,0.99909747,100,5,1,104,22
"934",31,189,0.9986963,0.99899715,0.9986629,0.99909747,100,5,1,107,22
"935",31,190,0.9986963,0.99899715,0.9986629,0.99909747,100,6,1,107,22
"936",31,191,0.9986963,0.99909747,0.9986629,0.99913085,100,122,1,103,22
"937",31,192,0.9986963,0.99909747,0.9986629,0.99913085,200,122,1,103,22
"938",31,195,0.9989303,0.9991977,0.9988969,0.99936485,25,100,3,102,22
"939",31,196,0.9989303,0.99936485,0.9988969,0.9996323,25,102,3,38,22
"940",31,197,0.99913085,0.99936485,0.9989303,0.9996323,25,102,25,38,22
"941",31,199,0.9989303,0.99936485,0.9988969,0.9994986,25,102,3,100,22
"942",31,203,0.9989303,0.99936485,0.9988969,0.9994986,25,202,3,100,22
"943",31,205,0.99913085,0.99936485,0.9989303,0.9994986,25,202,25,100,22
"944",31,206,0.99913085,0.9993314,0.9989303,0.99936485,25,4,25,200,22
"945",31,207,0.99913085,0.99936485,0.9989303,0.9994986,25,200,25,100,22
"946",31,210,0.99913085,0.99936485,0.9989303,0.9994986,25,201,25,100,22
"947",31,213,0.9989303,0.99936485,0.9988969,0.9994986,25,201,3,100,22
"948",31,214,0.99913085,0.99936485,0.9989303,0.9994986,25,202,25,100,22
"949",31,215,0.99913085,0.9994986,0.9989303,0.9996323,25,100,25,38,22
"950",31,219,0.99913085,0.9994986,0.9989303,0.9996323,25,102,25,38,22
"951",31,220,0.99913085,0.9994986,0.9989303,0.9996323,25,2,25,38,22
"952",31,222,0.9989637,0.9994986,0.9989303,0.9996323,33,2,25,38,22
"953",31,224,0.9991977,0.9996323,0.9989637,1.0001338,25,38,33,13,22
"954",31,225,0.9991977,0.9996323,0.9989637,1.0001338,25,38,33,38,22
"955",31,229,0.9991977,0.9996323,0.9989637,1.0001338,29,38,33,38,22
"956",31,230,0.99923116,0.9996323,0.9991977,0.99979943,25,38,4,18,22
"957",31,231,0.99923116,0.9996323,0.9991977,1.0001338,25,38,4,38,22
"958",31,232,0.99923116,0.9996323,0.9991977,1.0001338,25,38,104,38,22
"959",31,234,0.99923116,1.0001003,0.9991977,1.0001338,25,100,238,13,22
"960",31,235,0.9994317,1.0001338,0.99923116,1.0002005,4,13,25,2,22
"961",31,242,0.9994317,1.0001338,0.99923116,1.0002005,104,13,25,2,22
"962",31,243,0.9994317,1.0001338,0.9992646,1.0002005,104,13,18,2,22
"963",31,247,0.999766,1.0001338,0.9994317,1.0002005,5,125,104,23,22
"964",31,248,0.999766,1.0001338,0.9994317,1.0002005,5,129,104,21,22
"965",31,249,0.999766,1.0001338,0.99959886,1.0002005,5,129,4,21,22
"966",31,250,0.999766,1.0001338,0.9994317,1.0002005,5,129,100,21,22
"967",31,251,0.999766,1.0001338,0.9994317,1.0002005,5,130,100,21,22
"968",31,252,0.999766,1.0001338,0.99959886,1.0002005,5,130,4,21,22
"969",31,253,0.999766,1.0001338,0.99959886,1.0002005,5,131,4,21,22
"970",31,254,0.9998663,1.0001338,0.999766,1.0002005,3,106,5,21,22
"971",31,255,0.9998663,1.0001003,0.99959886,1.0001338,4,100,105,6,22
"972",31,258,0.9998663,1.0001003,0.9996323,1.0001338,4,200,38,6,22
"973",31,259,0.9998663,1.0001003,0.9996323,1.0001338,4,200,38,31,22
"974",31,260,0.9998663,1.0001003,0.99966574,1.0001338,4,205,51,27,22
"975",31,261,0.99966574,1.0001003,0.9996323,1.0001338,52,105,38,1,22
"976",31,262,0.99966574,1.0001003,0.9996323,1.0001338,77,105,43,1,22
"977",31,263,0.99966574,1.0001003,0.9996323,1.0001338,77,106,38,1,22
"978",31,264,0.99966574,1.0001003,0.9996323,1.0002005,77,107,38,21,22
"979",31,265,0.99966574,1.0001003,0.9996323,1.0002005,52,107,63,21,22
"980",31,266,0.99966574,1.0001003,0.9996323,1.0002005,52,107,63,21,22
"981",31,267,0.99966574,1.0001003,0.9996323,1.0002005,52,107,38,21,22
"982",31,268,0.99966574,1.0001003,0.9996323,1.0002005,52,107,38,21,22
"983",31,269,0.99966574,1.0001003,0.9996323,1.0001338,52,107,38,25,22
"984",31,271,0.99966574,1.0001003,0.9996323,1.0002005,52,107,38,21,22
"985",31,273,0.99966574,1.0001003,0.9996323,1.0002005,52,141,38,21,22
"986",31,274,0.99966574,1.0001003,0.9996323,1.0002005,52,141,38,21,22
"987",31,275,0.99966574,1.0001003,0.9996323,1.0001338,52,107,38,25,22
"988",31,276,0.9993314,1.0001003,0.9992646,1.0001338,276,107,18,25,22
"989",31,277,0.9993314,1.0001003,0.9992646,1.0001338,276,107,18,25,22
"990",31,278,0.9993314,1.0001003,0.9992646,1.0001338,301,107,18,25,22
"991",31,279,0.9993314,1.0001003,0.9992646,1.0001338,301,107,18,25,22
"992",31,280,0.9993314,0.99973255,0.9991643,1.0001003,301,3,18,107,22
"993",31,281,0.9993314,0.99973255,0.9991643,0.9998663,281,3,18,100,22
"994",31,282,0.9993314,0.99973255,0.9991643,0.9998663,306,3,18,100,22
"995",31,283,0.9993314,0.99973255,0.9991643,0.99983287,281,3,18,1,22
"996",31,284,0.9993314,0.99973255,0.9991643,0.99979943,276,3,18,1,22
"997",31,285,0.9993314,0.99973255,0.9991643,0.99983287,276,3,18,134,22
"998",31,287,0.9993314,0.99973255,0.9991977,0.99983287,276,3,36,100,22
"999",31,288,0.9993314,0.99983287,0.9991977,0.99989974,235,100,36,10,22
"1000",31,289,0.9993314,0.99983287,0.9991977,0.99989974,240,83,36,10,22
"1001",31,291,0.99936485,1.0002005,0.9993314,1.0003343,104,21,291,18,22
"1002",31,292,0.99959886,1.0001338,0.99936485,1.0002005,4,41,104,21,22
"1003",31,294,0.99959886,1.0001338,0.99936485,1.0002005,109,16,33,21,22
"1004",31,296,0.99959886,1.0001338,0.99936485,1.0002005,109,16,33,21,22
"1005",31,298,0.9996323,1.0005349,0.99959886,1.0006685,25,2,109,34,22
"1006",31,299,0.9996323,1.0005014,0.99959886,1.0005349,29,25,105,2,22
"1007",31,300,0.9996323,1.0005014,0.99959886,1.0005349,29,25,105,2,22
"1008",31,301,0.9996323,1.0005014,0.99936485,1.0005349,4,25,33,2,22
"1009",31,302,0.9996323,1.0005014,0.99936485,1.0005349,29,25,33,2,22
"1010",31,304,0.9996323,1.0005014,0.99936485,1.0005349,29,25,33,15,22
"1011",31,305,0.9996323,1.0005014,0.99936485,1.0005349,25,25,33,15,22
"1012",31,306,0.9996323,1.0005014,0.99936485,1.0005349,25,30,33,13,22
"1013",31,307,0.9996323,1.0005014,0.99936485,1.0005349,29,30,33,13,22
"1014",31,308,0.9996323,1.0005014,0.99936485,1.0005349,34,33,33,13,22
"1015",31,313,0.9996323,1.0005014,0.99936485,1.0005349,34,8,33,13,22
"1016",31,315,1.0001003,1.0005014,0.9996323,1.0005349,4,8,30,13,22
"1017",31,316,1.0001003,1.0005014,0.9996323,1.0005349,4,30,30,13,22
"1018",31,317,1.0001003,1.0005014,0.9996323,1.0005349,4,30,30,13,22
"1019",31,318,1.0001003,1.0005014,0.9996323,1.0005349,4,5,30,15,22
"1020",31,320,1.0001003,1.0005014,0.9999331,1.0005349,4,5,25,15,22
"1021",31,321,1.0001003,1.0005014,0.9996323,1.0005349,4,5,30,115,22
"1022",31,322,1.0001003,1.0005014,0.999766,1.0005349,4,5,17,115,22
"1023",31,323,1.0001003,1.0005014,0.9999331,1.0005349,4,5,25,115,22
"1024",31,324,1.0001003,1.0005014,0.999766,1.0005349,4,5,17,149,22
"1025",31,326,0.999766,1.0003009,0.9996323,1.000468,17,3,5,25,22
"1026",31,327,0.9996323,1.000468,0.99936485,1.0005014,5,33,33,4,22
"1027",31,328,0.9996323,1.000468,0.99936485,1.0005014,5,39,33,3,22
"1028",31,330,0.9996323,1.0004345,0.99936485,1.000468,5,100,33,139,22
"1029",31,331,0.9996323,1.000468,0.99936485,1.0005014,5,137,33,3,22
"1030",31,333,0.9996323,1.0004345,0.99936485,1.000468,5,100,33,37,22
"1031",31,334,0.9996323,1.0004345,0.99936485,1.000468,5,100,33,34,22
"1032",31,338,0.9996323,1.0004345,0.99936485,1.000468,5,110,33,25,22
"1033",31,339,0.9996323,1.0004345,0.99936485,1.000468,5,113,33,25,22
"1034",31,340,0.9996323,1.0004345,0.99936485,1.000468,5,115,33,25,22
"1035",31,342,0.9993983,1.0004345,0.9993314,1.000468,120,115,210,25,22
"1036",31,344,0.99966574,1.0004345,0.9994986,1.0005349,25,115,25,36,22
"1037",31,345,0.99966574,1.0004345,0.9994986,1.0005349,25,115,25,11,22
"1038",31,346,0.99966574,1.0004345,0.9994986,1.000468,25,115,25,25,22
"1039",31,348,0.999532,1.0004011,0.9993314,1.0004345,5,25,225,115,22
"1040",31,349,0.99966574,1.0004011,0.9994986,1.0004345,8,25,25,115,22
"1041",31,352,0.99966574,1.0004011,0.9994986,1.0004345,33,25,25,115,22
"1042",31,353,0.99966574,1.0004345,0.9994986,1.0005349,33,140,25,11,22
"1043",31,354,0.99966574,1.0004345,0.9994986,1.0005349,8,140,25,45,22
"1044",31,356,0.99966574,1.0004345,0.9994986,1.0005349,8,140,25,45,22
"1045",31,357,0.99966574,1.0004345,0.9993314,1.0005349,8,140,225,45,22
"1046",31,358,0.99966574,1.0004345,0.9993314,1.0005014,8,140,200,34,22
"1047",31,361,0.99966574,1.0004345,0.9993314,1.0005349,8,140,200,11,22
"1048",31,362,0.99966574,1.0004345,0.9993314,1.0005349,8,140,200,45,22
"1049",31,363,0.99966574,1.0004345,0.9993314,1.0005014,8,140,200,34,22
"1050",31,364,0.99966574,1.0004345,0.99946517,1.0005014,8,140,25,34,22
"1051",31,367,0.99966574,1.0004345,0.9993314,1.0005014,8,140,200,34,22
"1052",31,368,0.9996992,1.0004345,0.99966574,1.0005349,5,240,3,11,22
"1053",31,370,0.9996992,1.0004345,0.99966574,1.0005349,5,274,3,11,22
"1054",31,371,0.9996992,1.0004345,0.99966574,1.0005349,5,240,3,11,22
"1055",31,372,0.9996992,1.0004345,0.99966574,1.0005349,5,240,3,11,22
"1056",31,374,0.9996992,1.0002005,0.9993314,1.0004345,6,25,225,240,22
"1057",31,375,0.99966574,1.0002005,0.9993314,1.0003343,5,25,200,219,22
"1058",31,377,0.99966574,1.0002005,0.9993314,1.0003009,5,25,200,100,22
"1059",31,379,0.99966574,1.0002005,0.9993314,1.0003009,5,25,200,200,22
"1060",31,380,0.99966574,1.0002005,0.9993314,1.0002674,5,25,200,100,22
"1061",31,382,0.99936485,1.0002005,0.9993314,1.0002674,163,125,200,134,22
"1062",31,383,0.9993983,1.0002005,0.99936485,1.0003009,100,225,33,134,22
"1063",31,384,0.9993983,1.0002005,0.99936485,1.0003009,105,236,33,134,22
"1064",31,385,0.9993983,1.0002005,0.99936485,1.0002674,105,236,33,34,22
"1065",31,386,0.9993983,1.0002005,0.9993314,1.0003009,5,241,225,100,22
"1066",31,387,0.9993983,1.0001671,0.9993314,1.0002005,71,2,225,279,22
"1067",31,388,0.9993983,1.0001338,0.99936485,1.0001671,71,100,9,200,22
"1068",31,389,0.9993983,1.0001338,0.99936485,1.0001671,71,200,9,200,22
"1069",31,390,0.9993983,1.0001338,0.99936485,1.0001671,71,300,9,100,22
"1070",31,391,0.9993983,1.0001338,0.99936485,1.0001671,71,400,9,100,22
"1071",31,392,0.9993983,1.0001338,0.99936485,1.0001671,71,434,9,100,22
"1072",31,396,0.9993983,1.0001338,0.99936485,1.0001671,71,445,9,100,22
"1073",31,399,0.9993983,1.0001338,0.99936485,1.0001671,71,455,9,100,22
"1074",31,400,0.9993983,1.0000334,0.99936485,1.0001003,71,25,9,234,22
"1075",31,401,0.9993983,1.0000334,0.99936485,1.0001003,71,25,9,334,22
"1076",31,403,0.9993983,1.0000334,0.99936485,1.0001003,71,30,9,334,22
"1077",31,404,0.9993983,1.0000334,0.99936485,1.0001003,71,30,9,434,22
"1078",31,406,0.9993983,1.0000334,0.99936485,1.0001003,71,30,9,445,22
"1079",31,407,0.9993983,1.0000334,0.99936485,1.0001003,74,30,9,445,22
"1080",31,411,0.9993983,1.0000334,0.99936485,1.0001003,74,30,9,456,22
"1081",31,413,0.9994317,1.0000334,0.9993983,1.0001003,25,5,8,456,22
"1082",31,415,0.9993983,1.0000334,0.99936485,1.0001003,8,30,9,456,22
"1083",31,416,0.9993983,1.0000334,0.99936485,1.0001003,8,30,9,462,22
"1084",31,417,0.9994317,1,0.9993983,1.0001003,5,30,3,456,22
"1085",31,420,0.9993983,0.99996656,0.99936485,1,13,200,9,30,22
"1086",31,421,0.9993983,0.99996656,0.99936485,1,13,211,9,30,22
"1087",31,422,0.9993983,0.99996656,0.99936485,1,13,322,9,25,22
"1088",31,424,0.9993983,0.99996656,0.99936485,1,45,322,9,25,22
"1089",31,435,0.999064,0.9994317,0.9988969,0.99946517,100,317,100,25,22
"1090",31,436,0.999064,0.9993983,0.9988969,0.9994317,105,213,100,200,22
"1091",31,438,0.999064,0.9993983,0.9988969,0.9994317,105,413,100,100,22
"1092",31,439,0.999064,0.99936485,0.9988969,0.9993983,105,100,100,313,22
"1093",31,440,0.999064,0.99936485,0.9988969,0.9993983,105,105,100,313,22
"1094",31,441,0.999064,0.99936485,0.9988969,0.9993983,105,205,100,213,22
"1095",31,442,0.999064,0.99936485,0.9988969,0.9993983,105,550,100,113,22
"1096",31,444,0.999064,0.99936485,0.9988969,0.9993983,105,525,100,138,22
"1097",31,445,0.999064,0.99936485,0.9988969,0.9993983,105,525,100,113,22
"1098",31,446,0.99929804,0.9998663,0.99923116,0.99989974,100,100,105,25,22
"1099",31,447,0.99929804,0.99989974,0.99913085,0.99996656,105,25,25,11,22
"1100",31,448,0.99929804,0.99989974,0.9992646,0.99996656,105,25,25,11,22
"1101",31,449,0.99929804,0.99989974,0.99913085,0.99996656,105,25,25,11,22
"1102",31,451,0.99929804,0.99989974,0.999064,0.99996656,105,25,100,11,22
"1103",31,453,0.99929804,0.99989974,0.99913085,0.99996656,105,25,25,13,22
"1104",31,456,0.99929804,0.99989974,0.999064,0.99996656,105,25,100,13,22
"1105",31,457,0.99929804,0.99989974,0.999064,0.99996656,105,25,100,13,22
"1106",31,458,0.99929804,0.99989974,0.9991643,0.99996656,105,25,25,13,22
"1107",31,459,0.99929804,0.99989974,0.9991643,0.9999331,105,100,25,25,22
"1108",31,460,0.99929804,0.9999331,0.99899715,0.99996656,110,100,25,36,22
"1109",31,461,0.99929804,0.9999331,0.99899715,0.99996656,110,112,25,36,22
"1110",31,462,0.99929804,0.9999331,0.99899715,0.99996656,110,12,25,36,22
"1111",31,463,0.99929804,0.9999331,0.99899715,0.99996656,110,12,25,38,22
"1112",31,464,0.99929804,0.9999331,0.9991643,0.99996656,110,12,25,38,22
"1113",31,467,0.9993314,0.9999331,0.99929804,0.99996656,3,12,110,38,22
"1114",31,469,0.9993314,0.9999331,0.99929804,0.99996656,3,12,110,38,22
"1115",31,471,0.9993314,0.9999331,0.99929804,0.99996656,3,12,110,13,22
"1116",31,472,0.9993314,0.9999331,0.99929804,0.99996656,3,12,110,13,22
"1117",31,473,0.9993314,0.9999331,0.99929804,0.99996656,5,18,110,13,22
"1118",31,474,0.9993314,0.9999331,0.99929804,0.99996656,5,18,110,13,22
"1119",31,478,0.9993314,0.99989974,0.99929804,0.9999331,5,25,110,18,22
"1120",31,479,0.9993314,0.99989974,0.99929804,0.9999331,5,25,110,20,22
"1121",31,480,0.9993314,0.9999331,0.99929804,0.99996656,5,18,110,13,22
"1122",31,481,0.9993314,0.99989974,0.99929804,0.9999331,5,25,110,18,22
"1123",31,485,0.9993314,0.99966574,0.99929804,0.9999331,5,2,110,18,22
"1124",31,489,0.9993314,0.9999331,0.99929804,0.99996656,5,18,110,11,22
"1125",31,490,0.9994986,0.9999331,0.9993314,0.99996656,3,18,2,11,22
"1126",31,491,0.9994986,0.9999331,0.9993314,0.99996656,3,18,2,11,22
"1127",31,492,0.9994986,0.9999331,0.99946517,0.99996656,108,18,25,11,22
"1128",31,494,0.9994986,0.9999331,0.99946517,0.99996656,105,18,25,11,22
"1129",31,495,0.9994986,0.9999331,0.99946517,0.99996656,105,18,25,111,22
"1130",31,498,0.9994986,0.9999331,0.9993314,0.99996656,105,18,2,111,22
"1131",31,499,0.9994986,0.9999331,0.9994317,0.99996656,105,18,25,111,22
"1132",31,504,0.9994986,0.9999331,0.9993314,0.99996656,130,18,2,111,22
"1133",31,505,0.9994986,0.9999331,0.9994317,0.99996656,105,18,25,111,22
"1134",31,507,0.9994986,0.9999331,0.9993314,0.99996656,105,18,2,111,22
"1135",31,508,0.9994986,0.9999331,0.99946517,0.99996656,105,18,25,111,22
"1136",31,509,0.9994986,0.9999331,0.9993314,0.99996656,105,18,2,111,22
"1137",31,510,0.9994986,0.9999331,0.9993314,0.99996656,105,18,2,136,22
"1138",31,512,0.9994986,0.9999331,0.99936485,0.99996656,105,18,25,111,22
"1139",31,513,0.9994986,0.9999331,0.9993314,0.99996656,105,18,2,136,22
"1140",31,515,0.9994986,0.9999331,0.99936485,0.99996656,105,18,25,111,22
"1141",31,516,0.9994986,0.9999331,0.99936485,0.99996656,105,18,25,111,22
"1142",31,518,0.9994986,0.9999331,0.99936485,0.99996656,105,18,25,111,22
"1143",31,519,0.9994986,0.9999331,0.99936485,0.99996656,105,18,25,111,22
"1144",31,520,0.9994986,0.9999331,0.99936485,0.99996656,105,18,25,111,22
"1145",31,521,0.9994986,0.9999331,0.9993314,0.99996656,105,18,2,111,22
"1146",31,522,0.999532,0.99996656,0.9994986,1.0001003,25,111,105,100,22
"1147",31,523,0.99966574,0.99996656,0.999532,1.0001003,25,111,25,100,22
"1148",31,525,0.99966574,0.99996656,0.999532,1.0001003,25,113,25,100,22
"1149",31,527,0.9996992,0.99996656,0.999532,1.0001003,3,113,25,100,22
"1150",31,528,1.0001338,1.0008357,1.0000334,1.0008692,25,100,100,42,22
"1151",31,529,1.0001671,1.000702,1,1.0008692,3,25,25,42,22
"1152",31,530,1.0001671,1.0007354,1,1.0008692,8,25,25,42,22
"1153",31,531,1.0001671,1.0007354,1,1.0008692,8,25,25,42,22
"1154",31,533,1.0001671,1.0007354,1,1.0008692,108,25,25,42,22
"1155",31,534,1.0001671,1.0008357,1,1.0008692,108,100,25,42,22
"1156",31,535,1.0001671,1.000702,1,1.0008692,108,25,25,42,22
"1157",31,537,1.0001671,1.000702,1,1.0008692,108,25,25,42,22
"1158",31,538,1.0001671,1.000702,1,1.0008357,108,30,25,33,22
"1159",31,539,1.0001671,1.000702,0.9998663,1.0008357,108,30,100,33,22
"1160",31,541,1.0001671,1.000468,1.0000334,1.000702,108,5,37,30,22
"1161",31,544,1.0001671,1.000468,1.0000669,1.000702,108,5,25,5,22
"1162",31,545,1.0003678,1.0010028,1.0001671,1.0010363,212,100,103,25,22
"1163",31,546,1.0003678,1.0010028,1.0000669,1.0010363,7,100,25,25,22
"1164",31,547,1.0003678,1.0010028,1.0000334,1.0010363,7,104,37,25,22
"1165",31,548,1.0003678,1.0010028,1.0000334,1.0010363,7,104,37,25,22
"1166",31,549,1.0003678,1.0010028,0.9998663,1.0010363,7,104,100,25,22
"1167",31,550,1.0003678,1.0010028,0.9998663,1.0010363,7,104,100,25,22
"1168",31,551,1.0003678,1.0010028,1.0001003,1.0010363,7,104,25,25,22
"1169",31,553,1.0003678,1.0010028,1.0000669,1.0010363,7,105,25,25,22
"1170",31,554,1.0003678,1.0010028,1.0000669,1.0010363,7,205,25,25,22
"1171",31,556,1.0003678,1.000936,1.0000669,1.0009694,7,100,25,50,22
"1172",31,557,1.0003678,1.0008692,1.0000669,1.0009025,7,100,25,100,22
"1173",31,558,1.0003678,1.0008692,1.0000669,1.0009025,7,105,25,100,22
"1174",31,560,1.0003678,1.0008357,1.0000669,1.0008692,7,100,25,105,22
"1175",31,562,1.0003678,1.0008692,1.0003009,1.0009694,7,105,25,50,22
"1176",31,565,1.0003678,1.0008692,1.0000669,1.0009694,7,105,25,50,22
"1177",31,566,1.0003678,1.0008357,1.0000669,1.0008692,7,100,25,106,22
"1178",31,567,1.0003678,1.0008357,1.0000669,1.0008692,7,100,25,101,22
"1179",31,568,1.0003678,1.0008692,1.0000669,1.0009694,7,101,25,49,22
"1180",31,569,1.0003678,1.0008692,1.0000669,1.0009694,7,102,25,49,22
"1181",31,570,1.0003678,1.0008692,1.0000669,1.0009694,7,110,25,49,22
"1182",31,572,1.0004011,1.0008692,1.0003678,1.0009694,25,110,107,49,22
"1183",31,574,1.0003678,1.0008692,1.0000669,1.0009694,107,110,25,49,22
"1184",31,575,1.0003678,1.0008692,1.0000669,1.000936,107,110,25,25,22
"1185",31,577,1.0003678,1.0008692,1.0000669,1.0009694,108,110,25,33,22
"1186",31,578,1.0004345,1.0008692,1.0003678,1.0009694,25,110,108,33,22
"1187",31,579,1.0004345,1.0008692,1.0003678,1.0014039,26,10,113,18,22
"1188",31,580,1.0004345,1.0008692,1.0003678,1.0013037,26,10,113,25,22
"1189",31,581,1.000468,1.0012034,1.0004345,1.0012368,6,100,1,25,22
"1190",31,584,1.000468,1.0012034,1.0004345,1.0012368,6,104,1,25,22
"1191",31,597,1.000468,1.0010697,1.0004345,1.0011365,1,5,1,201,22
"1192",31,599,1.000468,1.0010697,1.0004345,1.0011365,1,5,1,201,22
"1193",62,0,0.9997601,1.0002398,0.9997258,1.0002742,441,209,27,23,22
"1194",62,2,0.9997601,1.0002398,0.9997258,1.0002742,441,209,2,23,22
"1195",62,4,0.9997601,1.0002056,0.9997258,1.0002398,441,34,2,175,22
"1196",62,5,0.9997601,1.0002398,0.9997258,1.0002742,441,209,2,3,22
"1197",62,6,0.9997601,1.0002398,0.9997258,1.0002742,441,184,2,3,22
"1198",62,7,0.9997601,1.0002398,0.9997258,1.0002742,441,209,2,3,22
"1199",62,17,0.99945164,0.99993145,0.99910897,0.9999657,1,89,30,320,22
"1200",62,18,0.99945164,0.99993145,0.9993488,0.9999657,1,89,19,120,22
"1201",62,19,0.99945164,0.99993145,0.9993831,0.9999657,1,89,100,120,22
"1202",62,20,0.99945164,0.99993145,0.9993831,0.9999657,1,89,100,120,22
"1203",62,21,0.99945164,0.99993145,0.9993831,0.9999657,1,189,100,120,22
"1204",62,25,0.9993831,0.99993145,0.99910897,0.9999657,100,234,30,120,22
"1205",62,27,0.9993831,0.999623,0.99910897,0.9996573,100,25,30,20,22
"1206",62,29,0.99910897,0.999623,0.9989376,0.9996573,30,25,17,20,22
"1207",62,30,0.99910897,0.9996573,0.9989376,0.99969155,55,20,17,25,22
"1208",62,31,0.99910897,0.9996573,0.99900615,0.99969155,30,20,100,25,22
"1209",62,32,0.99910897,0.9996573,0.99900615,0.99969155,29,20,100,25,22
"1210",62,33,0.99910897,0.9996573,0.99900615,0.99969155,29,20,100,25,22
"1211",62,34,0.99910897,0.9996573,0.99900615,0.9998972,54,20,100,111,22
"1212",62,35,0.99910897,0.9996573,0.99900615,0.9997601,54,20,100,25,22
"1213",62,37,0.99910897,0.9996573,0.99900615,0.9998972,54,20,100,111,22
"1214",62,38,0.99910897,0.9996573,0.9990404,0.99982864,54,20,100,11,22
"1215",62,39,0.99910897,0.9996573,0.9990404,0.9998972,54,20,100,11,22
"1216",62,40,0.99924606,0.9996573,0.9992118,0.9998972,16,20,234,11,22
"1217",62,41,0.99924606,0.9996573,0.9992118,0.9997601,16,20,234,36,22
"1218",62,42,0.99924606,0.9996573,0.9992118,0.9998972,16,20,234,11,22
"1219",62,43,0.99924606,0.9996573,0.9992118,0.99982864,116,20,134,11,22
"1220",62,44,0.99924606,0.9996573,0.9992118,0.99982864,116,20,134,100,22
"1221",62,45,0.99924606,0.999623,0.9992118,0.9996573,100,25,134,20,22
"1222",62,47,0.99924606,0.9996573,0.9992118,0.99982864,100,20,100,111,22
"1223",62,48,0.99924606,0.9996573,0.9992118,0.99982864,100,20,100,111,22
"1224",62,49,0.99924606,0.9996573,0.9992118,0.99982864,100,45,100,111,22
"1225",62,50,0.99924606,0.9996573,0.9992118,0.99982864,100,45,100,111,22
"1226",62,51,0.99924606,0.9996573,0.9992118,0.99982864,100,20,100,111,22
"1227",62,53,0.99924606,0.9996573,0.9992118,0.99982864,100,45,100,111,22
"1228",62,54,0.99924606,0.9996573,0.9992118,0.99982864,100,45,100,111,22
"1229",62,57,0.99924606,0.999623,0.9992118,0.9996573,100,25,100,20,22
"1230",62,58,0.99924606,0.999623,0.9992118,0.9996573,100,25,100,20,22
"1231",62,60,0.99924606,0.9996573,0.9992118,0.99982864,100,45,100,112,22
"1232",62,61,0.99924606,0.9996573,0.9992118,0.99982864,100,20,100,113,22
"1233",62,62,0.99924606,0.9996573,0.9992118,0.99982864,100,45,100,115,22
"1234",62,66,0.99924606,0.9996573,0.9992118,0.99982864,100,20,100,115,22
"1235",62,68,0.99924606,0.9996573,0.9992118,0.99982864,100,20,100,115,22
"1236",62,72,0.99924606,0.9996573,0.9992118,0.99982864,100,20,100,115,22
"1237",62,76,0.99924606,0.9996573,0.9992118,0.99982864,100,20,100,115,22
"1238",62,79,0.99924606,0.9996573,0.9992118,0.99982864,100,45,100,115,22
"1239",62,81,0.99924606,0.9996573,0.9992118,0.99982864,125,20,100,215,22
"1240",62,82,0.99924606,0.9996573,0.9992118,0.99982864,100,45,100,215,22
"1241",62,85,0.99924606,0.9996573,0.9992118,0.99982864,100,20,100,215,22
"1242",62,87,0.99928033,0.9996573,0.99924606,0.99982864,25,20,100,215,22
"1243",62,88,0.99928033,0.9996573,0.99924606,0.99982864,25,20,100,214,22
"1244",62,91,0.9993488,0.99982864,0.99928033,0.9998972,119,200,193,3,22
"1245",62,92,0.9993831,0.99982864,0.9993488,0.9998972,100,201,119,3,22
"1246",62,93,0.9993831,0.99982864,0.9993488,0.9998972,100,100,119,3,22
"1247",62,97,0.9993831,0.99982864,0.9993488,0.9998972,101,100,119,3,22
"1248",62,98,0.9993831,0.99982864,0.9993488,0.9998972,1,101,119,3,22
"1249",62,99,0.9998629,1.0002398,0.999623,1.0002742,25,107,25,3,22
"1250",62,103,0.999623,1.0002398,0.99941736,1.0002742,25,107,100,3,22
"1251",62,105,0.999623,1.0002398,0.99941736,1.0002742,25,207,100,3,22
"1252",62,118,0.9996573,1.0002398,0.999623,1.0002742,200,207,135,3,22
"1253",62,119,0.9996573,1.0002398,0.999623,1.0002742,300,207,135,3,22
"1254",62,123,0.9998972,1.0002398,0.9998629,1.0002742,75,207,168,3,22
"1255",62,126,0.99993145,1.0002398,0.9998972,1.0002742,100,207,75,3,22
"1256",62,128,0.99993145,1.0002398,0.9998972,1.0002742,101,207,75,3,22
"1257",62,129,0.99993145,1.0002398,0.9998972,1.0002742,101,207,50,3,22
"1258",62,139,0.99993145,1.0002398,0.9998972,1.0002742,101,213,50,3,22
"1259",62,162,0.99993145,1.0002398,0.9998972,1.0002742,201,213,50,3,22
"1260",62,178,0.99993145,1.0002398,0.9998972,1.0002742,201,213,70,3,22
"1261",62,179,0.99993145,1.0002398,0.9998972,1.0002742,201,213,50,3,22
"1262",62,180,0.99993145,1.0002398,0.9998972,1.0002742,201,124,50,3,22
"1263",62,182,0.99993145,1.0002398,0.9998972,1.0002742,201,226,50,3,22
"1264",62,190,0.9993831,1.0002398,0.99910897,1.0002742,1,266,29,3,22
"1265",62,192,0.9993831,1,0.99928033,1.0002398,1,45,25,202,22
"1266",62,193,0.9993831,1,0.99910897,1.0000342,1,45,29,18,22
"1267",62,198,0.99941736,1,0.9993831,1.0000342,4,45,1,18,22
"1268",62,201,0.99941736,1,0.9993831,1.0001028,104,25,19,18,22
"1269",62,202,0.99941736,1,0.9993831,1.0001028,104,45,19,18,22
"1270",62,203,0.99941736,0.9999657,0.9993831,1,104,25,19,20,22
"1271",62,205,0.99941736,1,0.9993831,1.0001028,104,45,19,18,22
"1272",62,206,0.99941736,1,0.9993831,1.0001028,104,45,19,18,22
"1273",62,207,0.99941736,1,0.9993831,1.0001028,104,100,19,18,22
"1274",62,208,0.99941736,1,0.9993831,1.0001028,104,125,1,18,22
"1275",62,209,0.99941736,1,0.9993831,1.0000685,104,100,1,25,22
"1276",62,210,0.99941736,1,0.9993831,1.0001028,104,100,1,18,22
"1277",62,211,0.99941736,1,0.9993831,1.0001028,104,100,1,43,22
"1278",62,213,0.99941736,1,0.9993831,1.0001028,104,101,1,43,22
"1279",62,214,0.99945164,1,0.99941736,1.0001028,45,101,104,43,22
"1280",62,215,0.99941736,1,0.9993831,1.0001028,104,101,26,43,22
"1281",62,216,0.99941736,1,0.9993831,1.0001028,104,101,1,43,22
"1282",62,217,0.99941736,1,0.9993831,1.0001028,100,101,26,43,22
"1283",62,218,0.99941736,1,0.9993831,1.0001028,100,101,1,43,22
"1284",62,219,0.99941736,0.9998629,0.9993831,1,100,25,1,101,22
"1285",62,220,0.99941736,1,0.9993831,1.0001028,100,101,1,43,22
"1286",62,222,0.99941736,1,0.9993831,1.0001028,100,101,1,43,22
"1287",62,223,0.99941736,1,0.9993831,1.0000685,100,101,26,100,22
"1288",62,224,0.99941736,1,0.9993831,1.0000685,100,101,26,125,22
"1289",62,226,0.99941736,1,0.9993831,1.0000685,125,101,1,125,22
"1290",62,227,0.99941736,1,0.9993831,1.0000685,100,101,26,100,22
"1291",62,228,1.0000342,1.000514,0.99979436,1.0005484,25,19,200,3,22
"1292",62,229,0.99982864,1.0004113,0.99979436,1.0004455,34,25,200,23,22
"1293",62,230,1.0000342,1.0004455,0.99993145,1.0005484,200,6,25,3,22
"1294",62,231,1.0000342,1.0004455,0.99993145,1.0005484,200,6,25,3,22
"1295",62,232,1.0000342,1.0004455,0.99993145,1.0005484,200,7,25,3,22
"1296",62,233,1.0000342,1.0004455,0.99993145,1.0005484,200,109,25,3,22
"1297",62,237,1.0000342,1.0004455,0.99993145,1.0005484,200,109,25,3,22
"1298",62,238,1.0000342,1.0004455,0.99993145,1.0005484,210,109,45,3,22
"1299",62,243,1.0000342,1.0004455,0.99993145,1.0005484,210,110,45,3,22
"1300",62,245,1.0000342,1.0004455,0.99982864,1.0004798,200,110,52,25,22
"1301",62,246,1.0000342,1.0004455,0.99993145,1.0005484,200,110,25,3,22
"1302",62,247,1.0000342,1.0004455,0.99993145,1.000514,200,110,25,18,22
"1303",62,248,1.0000342,1.0004455,0.9999657,1.0005484,200,110,25,3,22
"1304",62,252,1.0000342,1.0004455,0.9999657,1.0005484,200,113,25,3,22
"1305",62,253,1.0000342,1.0004455,0.99982864,1.0005484,200,113,52,3,22
"1306",62,254,1.0000342,1.0004455,0.99993145,1.0005484,200,113,25,3,22
"1307",62,256,1.0000342,1.0004455,0.99982864,1.000514,198,115,34,18,22
"1308",62,257,1.0000342,1.0004455,0.99982864,1.000514,198,115,34,18,22
"1309",62,260,1.0000342,1.0004455,0.99945164,1.000514,198,115,25,18,22
"1310",62,261,1.0000342,1.0004455,0.99969155,1.000514,198,115,25,18,22
"1311",62,262,1.0000342,1.0004455,0.99969155,1.000514,198,215,25,18,22
"1312",62,263,1.0000342,1.0004455,0.99969155,1.000514,199,213,25,18,22
"1313",62,265,1.0000342,1.0004455,0.99945164,1.000514,199,213,25,18,22
"1314",62,267,1.0000342,1.0004455,0.99982864,1.000514,199,213,18,18,22
"1315",62,268,1.0000342,1.0004455,0.99982864,1.0005484,199,213,18,3,22
"1316",62,269,1.0000342,1.0004455,0.99982864,1.000514,199,213,18,18,22
"1317",62,271,1.0000342,1.0004455,0.99982864,1.0005484,199,215,18,3,22
"1318",62,273,1.0000342,1.0003084,0.99979436,1.0004113,199,5,25,4,22
"1319",62,274,1.0000342,1.0003084,0.9997601,1.0004113,199,5,18,6,22
"1320",62,276,1.0000342,1.0003084,0.9998629,1.0004113,199,1,25,2,22
"1321",62,277,1.0000342,1.0003084,0.9998629,1.0004113,199,1,25,1,22
"1322",62,284,1.0000342,1.0004113,0.9998629,1.0004455,267,1,25,111,22
"1323",62,289,1.0000685,1.0004113,1.0000342,1.0004455,68,1,267,111,22
"1324",62,290,1.0000685,1.0004113,1.0000342,1.0004455,168,1,169,111,22
"1325",62,291,1.0000685,1.0004113,1.0000342,1.0004455,168,1,169,111,22
"1326",62,292,1.0003427,1.000754,1.0001713,1.0008568,24,100,25,4,22
"1327",62,293,1.0003427,1.000754,1.0001713,1.0009253,100,100,25,18,22
"1328",62,294,1.0003427,1.000754,1.0002398,1.0009253,200,100,100,18,22
"1329",62,295,1.0003427,1.0009253,1.0002398,1.0011309,200,218,100,25,22
"1330",62,298,1.0003427,1.0009253,1.0002398,1.0011309,200,218,120,30,22
"1331",62,300,1.0003427,1.0009253,1.0002398,1.0011309,200,218,120,5,22
"1332",62,301,1.0003769,1.000754,1.0003427,1.0009253,1,2,200,218,22
"1333",62,303,1.0004113,1.000754,1.0003427,1.0009253,101,2,200,218,22
"1334",62,304,1.0004113,1.000754,1.0003427,1.0009253,1,3,200,218,22
"1335",62,305,1.0004113,1.000754,1.0003427,1.0008568,1,103,200,25,22
"1336",62,307,1.0004455,1.000754,1.0003427,1.0008568,1,103,400,25,22
"1337",62,308,1.0000342,1.0005484,0.9997601,1.0005826,1,27,18,200,22
"1338",62,309,1.0000342,1.0004798,0.99979436,1.000754,1,2,25,100,22
"1339",62,310,1.0000342,1.0004798,0.9999657,1.000754,1,2,100,100,22
"1340",62,315,1.0001028,1.000754,1.0000685,1.0009253,25,2,234,18,22
"1341",62,317,1.0001371,1.000754,1.0001028,1.0009253,134,2,225,18,22
"1342",62,319,1.0001371,1.000754,1.0001028,1.0009253,134,2,125,18,22
"1343",62,320,1.0001713,1.000754,1.0001371,1.0009253,126,2,234,18,22
"1344",62,321,1.0002056,1.000754,1.0001713,1.0009253,100,2,126,18,22
"1345",62,323,1.0002056,1.0007197,1.0001713,1.000754,100,117,126,2,22
"1346",62,324,1.0002056,1.0007197,1.0001713,1.000754,100,100,100,2,22
"1347",62,325,1.0002056,1.0007197,1.0001713,1.000754,110,100,108,2,22
"1348",62,338,1.0002056,1.0007197,1.0001713,1.000754,110,100,8,2,22
"1349",62,341,1.0002056,1.0007197,1.0001713,1.0009253,110,200,8,18,22
"1350",62,342,1.0002056,1.0007197,1.0001713,1.0009253,110,200,8,18,22
"1351",62,355,1.0002056,1.0007197,1.0001713,1.0009253,110,207,8,18,22
"1352",62,356,1.0002056,1.0007197,1.0001713,1.0009253,110,207,8,18,22
"1353",62,358,1.0002056,1.0007197,1.0001713,1.0009253,110,203,28,18,22
"1354",62,359,1.0002056,1.0006855,1.0001713,1.0007197,110,29,8,203,22
"1355",62,360,1.0002056,1.0006855,1.0001713,1.0007197,110,129,8,103,22
"1356",62,362,1.0002056,1.0006855,1.0001713,1.0007197,110,100,8,128,22
"1357",62,363,1.0002056,1.0006855,1.0001713,1.0007197,110,100,8,103,22
"1358",62,364,1.0003084,1.0007197,1.0002056,1.0009253,125,103,10,18,22
"1359",62,365,1.0003427,1.0007197,1.0003084,1.0009253,108,103,100,43,22
"1360",62,366,1.0003427,1.0007197,1.0003084,1.0009253,100,103,100,43,22
"1361",62,367,1.0003427,1.0007197,1.0003084,1.0009253,100,107,125,43,22
"1362",62,370,1.0003427,1.0007197,1.0003084,1.000754,100,103,100,25,22
"1363",62,371,1.0003427,1.0007197,1.0003084,1.0007882,100,103,100,25,22
"1364",62,375,1.0003427,1.0007197,1.0003084,1.0009253,100,103,100,18,22
"1365",62,376,1.0003427,1.0007197,1.0003084,1.0009253,100,103,100,18,22
"1366",62,377,1.0003427,1.0007197,1.0003084,1.0007882,100,103,100,25,22
"1367",62,378,1.0003427,1.0007197,1.0003084,1.0007882,100,203,100,25,22
"1368",62,380,1.0003427,1.0007197,1.0002398,1.0009253,100,207,100,18,22
"1369",62,381,1.0003427,1.0007197,1.0002398,1.0009253,100,207,100,18,22
"1370",62,382,1.0003427,1.0007197,1.0003084,1.0009253,100,207,25,18,22
"1371",62,383,1.0003427,1.0007197,1.0002398,1.0009253,100,209,100,18,22
"1372",62,385,1.0003427,1.0007197,1.0003084,1.0009253,100,209,25,18,22
"1373",62,389,1.0003427,1.0007197,1.0002398,1.0008568,100,209,100,25,22
"1374",62,391,1.0003427,1.0007197,1.0002398,1.0009253,100,209,100,18,22
"1375",62,392,1.0003427,1.0007197,1.0002398,1.0009253,100,209,100,18,22
"1376",62,393,1.0003427,1.0007197,1.0003084,1.0009253,100,203,25,18,22
"1377",62,395,1.0003427,1.0007197,1.0003084,1.0008911,100,261,25,18,22
"1378",62,400,1.0003427,1.0007197,1.0003084,1.0010624,100,100,25,25,22
"1379",62,401,1.0003427,1.0007197,1.0003084,1.0010624,100,106,25,25,22
"1380",62,403,1.0003427,1.0007197,1.0003084,1.0011309,100,100,25,6,22
"1381",62,418,1.0003427,1.0007197,1.0003084,1.0008911,100,100,45,18,22
"1382",62,421,1.0003427,1.0007197,1.0003084,1.0011309,100,100,45,9,22
"1383",62,426,1.0003427,1.0007197,1.0003084,1.0008911,100,101,45,17,22
"1384",62,429,1.0003427,1.0007197,1.0003084,1.0008911,100,110,45,17,22
"1385",62,431,1.0003427,1.0007197,1.0003084,1.0008911,100,210,45,17,22
"1386",62,434,1.0003427,1.0007197,1.0003084,1.0008911,100,201,45,17,22
"1387",62,435,1.0003427,1.0007197,1.0003084,1.0008911,100,201,20,17,22
"1388",62,436,1.0003427,1.0007197,1.0003084,1.0008568,100,201,20,25,22
"1389",62,437,1.0003769,1.0007197,1.0003427,1.0008911,25,201,100,17,22
"1390",62,438,1.0003427,1.0007197,1.0003084,1.0008225,100,210,20,25,22
"1391",62,441,1.0003427,1.0007197,1.0002398,1.0008225,100,210,100,25,22
"1392",62,442,1.0003427,1.0007197,1.0002398,1.0008911,100,210,100,42,22
"1393",62,443,1.0003427,1.0007197,1.0002398,1.0008911,125,210,100,17,22
"1394",62,444,1.0003427,1.0007197,1.0002398,1.0008568,100,210,100,25,22
"1395",62,445,1.0003427,1.0007197,1.0002398,1.0008911,125,210,100,17,22
"1396",62,446,1.0003427,1.0007197,1.0002398,1.0008568,100,210,100,25,22
"1397",62,447,1.0003427,1.0007197,1.0002398,1.0008911,100,235,100,42,22
"1398",62,449,1.0004113,1.0006855,1.0002056,1.0007197,85,100,110,200,22
"1399",62,450,1.0004113,1.0006855,1.0002056,1.0007197,85,100,110,200,22
"1400",62,451,1.0004113,1.0006855,1.0003084,1.0007197,85,100,25,200,22
"1401",62,453,1.0004113,1.0006855,1.0002056,1.0007197,85,109,210,200,22
"1402",62,454,1.0004113,1.0006855,1.0003084,1.0007197,85,110,25,200,22
"1403",62,455,1.0004113,1.0006855,1.0002056,1.0007197,85,110,210,200,22
"1404",62,457,1.0004113,1.0006855,1.0003769,1.0007197,85,110,4,200,22
"1405",62,458,1.0004113,1.0006855,1.0003769,1.0007197,85,110,4,201,22
"1406",62,459,1.0004113,1.0006855,1.0003769,1.0007197,85,10,4,201,22
"1407",62,462,1.0005484,1.0007197,1.0004113,1.0007882,37,201,48,1,22
"1408",62,464,1.0005484,1.0007197,1.0004113,1.0007882,162,200,48,1,22
"1409",62,465,1.0005484,1.0007197,1.0004113,1.0007882,262,200,48,1,22
"1410",62,466,1.0005484,1.0007197,1.0004113,1.0007882,262,300,48,1,22
"1411",62,468,1.0005484,1.0007197,1.0004113,1.0007882,262,309,48,1,22
"1412",62,472,1.0004113,1.0006169,1.0003769,1.0007197,48,11,4,200,22
"1413",62,473,1.0004113,1.0006169,1.0003769,1.0007197,48,11,4,200,22
"1414",62,474,1.0004113,1.0007197,1.0003769,1.0007882,48,211,4,1,22
"1415",62,476,1.0004113,1.0007197,1.0002056,1.000754,48,200,210,11,22
"1416",62,477,1.0004113,1.0007197,1.0003084,1.000754,48,200,25,11,22
"1417",62,478,1.0004113,1.0007197,1.0002056,1.0007882,48,211,210,1,22
"1418",62,479,1.0004113,1.0007197,1.0002056,1.0007882,248,300,110,1,22
"1419",62,482,1.0004113,1.0007197,1.0002056,1.0007882,248,311,10,1,22
"1420",62,499,1.0004113,1.0007197,1.0002056,1.0007882,248,300,10,1,22
"1421",62,502,1.0004113,1.0007197,1.0002056,1.0007882,248,313,10,1,22
"1422",62,503,1.0004113,1.0007197,1.0002056,1.0007882,248,320,10,1,22
"1423",62,508,1.0004113,1.0007197,1.0002056,1.0007882,248,313,10,1,22
"1424",62,516,1.0004113,1.0007197,1.0002056,1.0007882,248,300,10,1,22
"1425",62,517,1.0006169,1.0007197,1.0004455,1.0007882,25,100,25,1,22
"1426",62,518,1.0006169,1.0008568,1.0004798,1.0009253,25,100,100,5,22
"1427",62,519,1.0006511,1.0010967,1.0006169,1.0011309,100,1,25,13,22
"1428",62,520,1.0006511,1.0010967,1.0006169,1.0011309,400,1,25,13,22
"1429",62,521,1.0009596,1.0014051,1.000754,1.0015764,200,25,100,25,22
"1430",62,522,1.0009596,1.0014051,1.0008225,1.0015764,200,25,25,25,22
"1431",62,523,1.0009596,1.0014051,1.000754,1.0015764,200,25,100,25,22
"1432",62,525,1.0009596,1.0014051,1.000754,1.0015764,200,25,100,25,22
"1433",62,526,1.0009596,1.0014051,1.0007882,1.0015764,200,25,25,25,22
"1434",62,527,1.0009596,1.0015764,1.0007882,1.0017135,200,25,42,183,22
"1435",62,528,1.0009596,1.0015764,1.0007882,1.0017135,200,25,42,183,22
"1436",62,529,1.0009596,1.0015764,1.0007882,1.0017135,200,25,42,183,22
"1437",62,530,1.0009596,1.0014051,1.0007882,1.0015764,200,25,42,25,22
"1438",62,532,1.0009596,1.0014051,1.0007882,1.0015764,200,25,17,25,22
"1439",62,533,1.0009596,1.0014051,1.0007882,1.0015764,200,25,42,25,22
