"","time_id","seconds_in_bucket","bid_price1","ask_price1","bid_price2","ask_price2","bid_size1","ask_size1","bid_size2","ask_size2","stock_id"
"1",5,0,0.99861187,0.99922884,0.99853474,0.9993059,50,50,50,50,101
"2",5,1,0.998689,0.9993059,0.99861187,0.99938303,50,50,50,50,101
"3",5,2,0.99899745,0.99969155,0.9989203,0.9997686,50,50,225,150,101
"4",5,3,0.9990746,0.9997686,0.99899745,0.9999229,50,50,92,92,101
"5",5,4,0.9991517,0.99984574,0.9990746,0.9999229,250,50,250,50,101
"6",5,5,0.99922884,0.9999229,0.9991517,1,50,50,50,50,101
"7",5,6,0.99946016,1.0002314,0.99938303,1.0003085,50,50,50,50,101
"8",5,7,0.99946016,1.0002314,0.99938303,1.0003085,50,50,50,50,101
"9",5,8,0.99946016,1.0003085,0.99938303,1.0003856,50,50,250,50,101
"10",5,9,0.99984574,1.0008483,0.9997686,1.0009254,50,50,250,50,101
"11",5,10,1.0000771,1.0010797,1,1.0011568,50,50,25,50,101
"12",5,11,1.0002314,1.0009254,1.0001543,1.0010026,250,50,250,150,101
"13",5,12,1.0005398,1.0012339,1.0004628,1.0013111,50,50,50,26,101
"14",5,13,1.0003085,1.0011568,1.0002314,1.0012339,50,51,350,50,101
"15",5,14,1.0005398,1.0012339,1.0004628,1.0013111,50,50,290,26,101
"16",5,15,1.0004628,1.0011568,1.0003856,1.0012339,50,50,90,50,101
"17",5,16,1.0004628,1.0011568,1.0003856,1.0012339,50,26,90,50,101
"18",5,17,1.0004628,1.0011568,1.0003856,1.0012339,250,1,290,50,101
"19",5,18,1.0004628,1.0011568,1.0003856,1.0012339,250,50,290,50,101
"20",5,19,1.0003856,1.0011568,1.0003085,1.0012339,50,51,490,50,101
"21",5,20,1.0003085,1.0010026,1.0002314,1.0010797,50,50,150,90,101
"22",5,21,1.0003856,1.0010026,1.0003085,1.0010797,50,1,50,50,101
"23",5,22,1.0004628,1.0010797,1.0003856,1.0011568,225,150,250,51,101
"24",5,23,1.0006169,1.0011568,1.0005398,1.0012339,250,1,250,50,101
"25",5,24,1.0005398,1.0012339,1.0004628,1.0013111,50,150,227,51,101
"26",5,25,1.0004628,1.0011568,1.0003856,1.0012339,27,250,50,51,101
"27",5,26,1.0006169,1.0012339,1.0005398,1.0013111,200,1,250,50,101
"28",5,27,1.0006169,1.0012339,1.0005398,1.0013111,200,150,226,51,101
"29",5,28,1.0009254,1.0016966,1.0008483,1.0017737,450,125,52,50,101
"30",5,29,1.0008483,1.0015423,1.000694,1.0016195,2,50,250,90,101
"31",5,30,1.0009254,1.0015423,1.0008483,1.0016195,50,150,50,90,101
"32",5,31,1.0010026,1.0016966,1.0009254,1.0018508,50,100,450,50,101
"33",5,32,1.0011568,1.0016966,1.0010797,1.001928,50,100,50,50,101
"34",5,33,1.0014652,1.0022365,1.0013882,1.0023136,50,50,50,50,101
"35",5,34,1.0016195,1.0024678,1.0015423,1.0025449,150,350,50,50,101
"36",5,35,1.0016195,1.0023907,1.0015423,1.0024678,150,50,50,250,101
"37",5,36,1.0016966,1.0024678,1.0016195,1.0025449,50,125,150,50,101
"38",5,37,1.0016966,1.0023907,1.0016195,1.0024678,125,250,150,50,101
"39",5,38,1.0016966,1.0023136,1.0016195,1.0023907,100,50,150,250,101
"40",5,39,1.0014652,1.0023907,1.0013882,1.0024678,50,150,125,50,101
"41",5,40,1.0016195,1.0023136,1.0015423,1.0023907,100,50,50,150,101
"42",5,41,1.0016966,1.0022365,1.0014652,1.0023907,100,100,50,50,101
"43",5,42,1.0017737,1.0025449,1.0016966,1.002622,100,50,50,150,101
"44",5,43,1.0017737,1.0025449,1.0016195,1.002622,100,50,50,150,101
"45",5,44,1.0017737,1.0023907,1.0015423,1.0024678,100,50,50,491,101
"46",5,45,1.0016966,1.0022365,1.0014652,1.0023136,100,50,50,50,101
"47",5,46,1.0016966,1.0021594,1.0013882,1.0022365,100,50,50,50,101
"48",5,47,1.0013882,1.0020822,1.0013111,1.0021594,150,50,50,50,101
"49",5,48,1.0014652,1.0021594,1.0013111,1.0022365,100,51,50,50,101
"50",5,49,1.0014652,1.0020822,1.0013111,1.0021594,100,150,50,51,101
"51",5,50,1.0014652,1.0020822,1.0013882,1.0021594,100,151,50,50,101
"52",5,51,1.0015423,1.0020822,1.0014652,1.0022365,150,1,25,50,101
"53",5,52,1.0015423,1.0022365,1.0013882,1.0023136,100,251,50,50,101
"54",5,53,1.0015423,1.0022365,1.0014652,1.0023136,100,251,50,50,101
"55",5,54,1.0016966,1.0021594,1.0013882,1.0022365,100,1,50,150,101
"56",5,55,1.0017737,1.0024678,1.0016966,1.0025449,50,50,26,50,101
"57",5,56,1.0018508,1.0025449,1.0017737,1.002622,50,250,51,250,101
"58",5,57,1.0017737,1.0024678,1.0016966,1.0025449,26,50,51,150,101
"59",5,58,1.0017737,1.0023907,1.0016966,1.0025449,1,100,51,50,101
"60",5,59,1.0018508,1.0026991,1.0017737,1.0027763,50,41,26,50,101
"61",5,60,1.0018508,1.0025449,1.0017737,1.002622,50,100,26,50,101
"62",5,61,1.001928,1.0026991,1.0018508,1.0027763,50,166,50,50,101
"63",5,62,1.0020051,1.002622,1.001928,1.0026991,50,200,51,41,101
"64",5,63,1.001928,1.002622,1.0018508,1.0026991,1,250,50,166,101
"65",5,64,1.001928,1.002622,1.0018508,1.0026991,1,250,50,166,101
"66",5,65,1.0014652,1.0022365,1.0013882,1.0023136,50,150,50,50,101
"67",5,66,1.0015423,1.0022365,1.0014652,1.0023136,50,100,250,50,101
"68",5,67,1.0015423,1.0022365,1.0014652,1.0023907,50,100,250,50,101
"69",5,68,1.0016195,1.0022365,1.0015423,1.0023907,50,100,450,50,101
"70",5,69,1.0016966,1.0022365,1.0016195,1.0024678,50,100,26,50,101
"71",5,70,1.0020822,1.0026991,1.0020051,1.0028534,50,1,50,50,101
"72",5,71,1.0020822,1.0026991,1.0020051,1.0027763,1,48,50,98,101
"73",5,72,1.0022365,1.0028534,1.0021594,1.0029305,50,50,50,298,101
"74",5,73,1.0023907,1.0029305,1.0023136,1.0030077,50,100,50,100,101
"75",5,74,1.0024678,1.0030077,1.0023907,1.0031619,50,100,51,50,101
"76",5,75,1.0024678,1.0029305,1.0023136,1.0030077,1,150,50,150,101
"77",5,76,1.0022365,1.0029305,1.0021594,1.0030077,26,250,250,150,101
"78",5,77,1.0022365,1.0028534,1.0021594,1.0029305,1,250,50,50,101
"79",5,78,1.0021594,1.0027763,1.0020822,1.0028534,26,37,250,168,101
"80",5,79,1.0023136,1.0028534,1.0022365,1.0030077,225,19,250,150,101
"81",5,80,1.0025449,1.0030077,1.0024678,1.003239,50,101,50,90,101
"82",5,81,1.0021594,1.0028534,1.0020822,1.0029305,325,1,250,150,101
"83",5,82,1.0020822,1.0027763,1.0020051,1.0028534,250,1,250,25,101
"84",5,83,1.0021594,1.0027763,1.0020822,1.0028534,50,1,250,50,101
"85",5,84,1.0020822,1.0027763,1.0020051,1.0028534,400,26,50,50,101
"86",5,85,1.0023136,1.0028534,1.0022365,1.0030077,200,1,250,150,101
"87",5,86,1.0021594,1.0027763,1.0020822,1.0028534,200,90,225,50,101
"88",5,87,1.0023136,1.0027763,1.0022365,1.0028534,200,26,200,99,101
"89",5,88,1.0023907,1.0027763,1.0021594,1.0028534,400,1,50,50,101
"90",5,89,1.0023907,1.0028534,1.0020822,1.0029305,400,50,50,151,101
"91",5,90,1.0023907,1.0028534,1.0020822,1.0029305,400,150,50,151,101
"92",5,91,1.0023136,1.0028534,1.0022365,1.0029305,200,51,200,150,101
"93",5,92,1.0023907,1.0027763,1.0021594,1.0029305,400,101,50,150,101
"94",5,93,1.0025449,1.0030077,1.0024678,1.0030848,200,100,300,50,101
"95",5,94,1.0024678,1.0029305,1.0023907,1.0030077,50,100,425,100,101
"96",5,95,1.0023136,1.0028534,1.0022365,1.0029305,200,50,200,150,101
"97",5,96,1.0021594,1.0027763,1.0020822,1.0028534,400,50,50,50,101
"98",5,97,1.0020822,1.0027763,1.0020051,1.0028534,200,150,250,50,101
"99",5,98,1.0020822,1.0027763,1.0020051,1.0028534,250,150,250,50,101
"100",5,99,1.0020051,1.0027763,1.001928,1.0028534,50,83,225,110,101
"101",5,100,1.0020051,1.0026991,1.001928,1.0027763,50,50,225,36,101
"102",5,101,1.0020822,1.002622,1.0020051,1.0027763,400,100,50,61,101
"103",5,102,1.001928,1.002622,1.0018508,1.0026991,225,250,250,155,101
"104",5,103,1.0018508,1.002622,1.0017737,1.0026991,425,150,50,210,101
"105",5,104,1.001928,1.0025449,1.0018508,1.002622,200,100,250,50,101
"106",5,105,1.0018508,1.0023907,1.0017737,1.0024678,200,50,200,50,101
"107",5,106,1.0016966,1.0024678,1.0016195,1.0025449,225,50,394,25,101
"108",5,107,1.0016195,1.0023907,1.0015423,1.0024678,125,50,50,50,101
"109",5,108,1.0016195,1.0023907,1.0015423,1.0024678,100,50,50,50,101
"110",5,109,1.0018508,1.0025449,1.0017737,1.002622,200,50,250,94,101
"111",5,110,1.001928,1.002622,1.0018508,1.0026991,50,94,225,202,101
"112",5,111,1.0016966,1.0025449,1.0016195,1.002622,250,50,394,94,101
"113",5,112,1.0018508,1.0025449,1.0017737,1.002622,250,150,250,94,101
"114",5,113,1.0018508,1.0025449,1.0017737,1.002622,50,50,50,94,101
"115",5,114,1.0017737,1.0024678,1.0016966,1.0025449,50,50,250,51,101
"116",5,115,1.0018508,1.0024678,1.0017737,1.0025449,200,100,250,1,101
"117",5,116,1.001928,1.0024678,1.0016966,1.0025449,4,126,250,50,101
"118",5,117,1.0020822,1.0027763,1.0020051,1.0028534,50,50,50,50,101
"119",5,118,1.0021594,1.0027763,1.0020822,1.0028534,66,250,50,50,101
"120",5,119,1.0021594,1.0026991,1.0020051,1.0027763,66,208,50,150,101
"121",5,120,1.0021594,1.0026991,1.0020822,1.0027763,66,208,50,50,101
"122",5,121,1.0021594,1.0028534,1.0020822,1.0029305,91,150,50,50,101
"123",5,122,1.0021594,1.0026991,1.0020822,1.0028534,91,100,50,50,101
"124",5,123,1.0021594,1.0026991,1.0020822,1.0028534,91,100,50,50,101
"125",5,124,1.0022365,1.0030077,1.0021594,1.0030848,50,100,25,50,101
"126",5,125,1.0021594,1.0028534,1.0020822,1.0029305,25,50,250,250,101
"127",5,126,1.0023136,1.0030077,1.0022365,1.0030848,50,150,50,50,101
"128",5,127,1.0021594,1.0028534,1.0020822,1.0029305,50,50,50,250,101
"129",5,128,1.0018508,1.002622,1.0017737,1.0026991,225,50,250,25,101
"130",5,129,1.001928,1.0027763,1.0018508,1.0028534,50,50,50,50,101
"131",5,130,1.001928,1.0027763,1.0018508,1.0028534,50,50,50,50,101
"132",5,131,1.0020051,1.0027763,1.001928,1.0028534,50,50,50,50,101
"133",5,132,1.0020051,1.0027763,1.001928,1.0028534,50,50,50,50,101
"134",5,133,1.0020051,1.0027763,1.001928,1.0028534,50,50,50,50,101
"135",5,134,1.0017737,1.0027763,1.0016966,1.0028534,50,50,250,50,101
"136",5,135,1.0018508,1.0027763,1.0017737,1.0028534,50,50,50,50,101
"137",5,136,1.001928,1.0027763,1.0018508,1.0028534,125,50,50,50,101
"138",5,137,1.001928,1.0027763,1.0017737,1.0028534,100,50,50,50,101
"139",5,138,1.001928,1.0027763,1.0017737,1.0028534,100,50,50,50,101
"140",5,139,1.001928,1.002622,1.0017737,1.0026991,100,50,50,92,101
"141",5,140,1.001928,1.002622,1.0016966,1.0026991,100,50,50,92,101
"142",5,141,1.001928,1.002622,1.0017737,1.0026991,100,50,50,92,101
"143",5,142,1.001928,1.002622,1.0018508,1.0026991,100,50,50,92,101
"144",5,143,1.0020051,1.0026991,1.001928,1.0027763,50,50,125,50,101
"145",5,144,1.0020051,1.0027763,1.001928,1.0028534,150,50,25,50,101
"146",5,145,1.0020051,1.002622,1.001928,1.0026991,100,50,50,192,101
"147",5,146,1.0020822,1.0028534,1.0020051,1.0029305,50,50,125,50,101
"148",5,147,1.0020051,1.002622,1.0018508,1.0026991,100,50,200,214,101
"149",5,148,1.0020051,1.002622,1.0018508,1.0026991,100,50,250,192,101
"150",5,149,1.0020051,1.0025449,1.001928,1.002622,178,50,250,50,101
"151",5,150,1.0014652,1.0021594,1.0013882,1.0022365,225,1,350,50,101
"152",5,151,1.0015423,1.0021594,1.0014652,1.0022365,50,1,225,50,101
"153",5,152,1.0016195,1.0021594,1.0015423,1.0023136,250,1,250,50,101
"154",5,153,1.0016195,1.0022365,1.0015423,1.0023136,50,1,50,50,101
"155",5,154,1.0016195,1.0022365,1.0015423,1.0023136,50,1,50,50,101
"156",5,155,1.0015423,1.0022365,1.0014652,1.0023136,50,1,50,50,101
"157",5,156,1.0016195,1.0022365,1.0015423,1.0023136,50,1,50,50,101
"158",5,157,1.0016966,1.0023907,1.0016195,1.0024678,125,50,50,51,101
"159",5,158,1.0016966,1.0023136,1.0016195,1.0023907,125,1,50,50,101
"160",5,159,1.0022365,1.0026991,1.0021594,1.0028534,50,100,50,150,101
"161",5,160,1.0020822,1.002622,1.0020051,1.0026991,50,100,50,92,101
"162",5,161,1.0020051,1.0025449,1.001928,1.0026991,50,100,50,92,101
"163",5,162,1.0018508,1.0025449,1.0017737,1.002622,50,225,50,50,101
"164",5,163,1.0017737,1.0023136,1.0016966,1.0024678,50,100,125,150,101
"165",5,164,1.0016966,1.0021594,1.0016195,1.0023136,100,100,50,25,101
"166",5,165,1.0017737,1.0021594,1.0016966,1.0025449,50,100,125,25,101
"167",5,166,1.0016966,1.0021594,1.0016195,1.0023136,125,100,50,50,101
"168",5,167,1.0013882,1.0016966,1.0013111,1.0020051,100,80,50,50,101
"169",5,168,1.0014652,1.0021594,1.0013882,1.0022365,89,92,150,50,101
"170",5,169,1.0015423,1.0021594,1.0014652,1.0022365,26,42,50,50,101
"171",5,170,1.0016966,1.0024678,1.0016195,1.0025449,125,50,150,50,101
"172",5,171,1.0018508,1.002622,1.0017737,1.0026991,50,50,126,92,101
"173",5,172,1.001928,1.0026991,1.0018508,1.0027763,126,167,50,50,101
"174",5,173,1.001928,1.002622,1.0018508,1.0026991,126,50,150,67,101
"175",5,174,1.0020051,1.002622,1.001928,1.0026991,1,50,50,67,101
"176",5,175,1.001928,1.0026991,1.0018508,1.0027763,150,67,50,50,101
"177",5,176,1.0020051,1.002622,1.001928,1.0026991,1,50,50,67,101
"178",5,177,1.0020822,1.0027763,1.0020051,1.0028534,50,99,129,50,101
"179",5,178,1.0020822,1.002622,1.0020051,1.0026991,101,50,4,67,101
"180",5,179,1.0021594,1.0026991,1.0020822,1.0027763,50,42,26,50,101
"181",5,180,1.0020822,1.0026991,1.0020051,1.0027763,1,67,54,50,101
"182",5,181,1.0020051,1.0026991,1.001928,1.0027763,29,67,150,50,101
"183",5,182,1.0020822,1.0026991,1.0020051,1.0027763,50,67,29,50,101
"184",5,183,1.0020822,1.0027763,1.0020051,1.0028534,50,50,29,50,101
"185",5,184,1.0020822,1.0026991,1.0020051,1.0028534,251,42,29,50,101
"186",5,185,1.0020822,1.0026991,1.0020051,1.0027763,101,92,100,50,101
"187",5,186,1.0021594,1.0027763,1.0020822,1.0028534,100,50,51,50,101
"188",5,187,1.0020051,1.0026991,1.001928,1.0027763,150,67,50,50,101
"189",5,188,1.0020051,1.002622,1.001928,1.0026991,100,50,50,92,101
"190",5,189,1.001928,1.002622,1.0018508,1.0026991,50,50,50,92,101
"191",5,190,1.0022365,1.0029305,1.0021594,1.0030077,50,150,50,125,101
"192",5,191,1.0022365,1.0028534,1.0021594,1.0029305,151,50,150,50,101
"193",5,192,1.0023136,1.0030077,1.0022365,1.0030848,26,125,150,50,101
"194",5,193,1.0024678,1.0030077,1.0023907,1.0031619,50,100,26,50,101
"195",5,194,1.0023907,1.0030077,1.0023136,1.0031619,126,100,350,50,101
"196",5,195,1.0025449,1.0030077,1.0024678,1.0031619,50,100,26,50,101
"197",5,196,1.0027763,1.0035474,1.0026991,1.0036246,50,50,150,44,101
"198",5,197,1.0028534,1.0033932,1.0026991,1.0034703,1,50,150,250,101
"199",5,198,1.0027763,1.0034703,1.0026991,1.0035474,50,150,350,50,101
"200",5,199,1.0027763,1.0034703,1.0026991,1.0035474,101,150,250,50,101
"201",5,200,1.0027763,1.0034703,1.0026991,1.0035474,126,150,250,50,101
"202",5,201,1.0027763,1.0033932,1.0026991,1.0034703,126,150,150,50,101
"203",5,202,1.0027763,1.0033932,1.0026991,1.0034703,1,150,150,50,101
"204",5,203,1.0026991,1.0033932,1.002622,1.0034703,150,50,50,50,101
"205",5,204,1.0027763,1.0033932,1.0026991,1.0034703,1,150,350,50,101
"206",5,205,1.0029305,1.0033932,1.0028534,1.0034703,200,125,200,50,101
"207",5,206,1.0027763,1.0033932,1.0026991,1.0034703,400,150,53,50,101
"208",5,207,1.0029305,1.0035474,1.0028534,1.0036246,250,150,250,44,101
"209",5,208,1.0027763,1.0034703,1.0026991,1.0035474,425,50,53,150,101
"210",5,209,1.0033162,1.0036246,1.003239,1.0037017,200,16,250,34,101
"211",5,210,1.0031619,1.0037017,1.0030848,1.003856,150,34,50,50,101
"212",5,211,1.0028534,1.0036246,1.0027763,1.0037017,150,100,491,159,101
"213",5,212,1.0029305,1.0036246,1.0028534,1.0037017,150,100,150,225,101
"214",5,213,1.0030077,1.0036246,1.0029305,1.0037017,50,50,150,225,101
"215",5,214,1.0031619,1.0037017,1.0030848,1.0039331,50,34,50,50,101
"216",5,215,1.0033932,1.0040873,1.0033162,1.0041645,50,50,50,350,101
"217",5,216,1.0035474,1.0040102,1.0034703,1.0040873,100,50,100,50,101
"218",5,217,1.0031619,1.003856,1.0030848,1.0039331,50,50,50,250,101
"219",5,218,1.003239,1.0037788,1.0031619,1.0039331,50,11,50,150,101
"220",5,219,1.0030848,1.0037788,1.0030077,1.003856,50,36,50,50,101
"221",5,220,1.0031619,1.0037788,1.0030848,1.003856,50,11,50,50,101
"222",5,221,1.0030848,1.0037017,1.0030077,1.0037788,50,250,50,36,101
"223",5,222,1.003239,1.0037017,1.0031619,1.0039331,12,11,25,150,101
"224",5,223,1.003239,1.0037017,1.0030848,1.0037788,12,36,50,50,101
"225",5,224,1.0028534,1.0035474,1.0027763,1.0036246,50,50,91,50,101
"226",5,225,1.0029305,1.0036246,1.0028534,1.0037017,50,50,50,36,101
"227",5,226,1.0028534,1.0036246,1.0027763,1.0037017,50,50,50,77,101
"228",5,227,1.0030077,1.0035474,1.0029305,1.0036246,50,100,50,11,101
"229",5,228,1.0034703,1.0041645,1.0033932,1.0043187,50,400,50,67,101
"230",5,229,1.0035474,1.0041645,1.0034703,1.0043187,50,100,50,92,101
"231",5,230,1.0035474,1.0043187,1.0034703,1.0043957,50,50,50,51,101
"232",5,231,1.0036246,1.0043957,1.0035474,1.0044729,50,250,250,50,101
"233",5,232,1.0036246,1.0043187,1.0035474,1.0043957,50,1,350,100,101
"234",5,233,1.0039331,1.0047042,1.003856,1.0047814,50,50,53,50,101
"235",5,234,1.0040102,1.0047042,1.0039331,1.0047814,50,50,50,50,101
"236",5,235,1.0039331,1.0046271,1.003856,1.0047042,50,50,50,250,101
"237",5,236,1.0040102,1.0047042,1.0039331,1.0047814,50,150,50,50,101
"238",5,237,1.0039331,1.0046271,1.003856,1.0047042,50,250,50,50,101
"239",5,238,1.0037017,1.0043957,1.0036246,1.0044729,50,250,50,91,101
"240",5,239,1.0040102,1.0048585,1.0039331,1.0049356,50,50,250,50,101
"241",5,240,1.0040102,1.0047814,1.0039331,1.0048585,26,50,50,150,101
"242",5,241,1.0040873,1.0047814,1.0040102,1.0048585,1,50,50,50,101
"243",5,242,1.0042416,1.0050128,1.0041645,1.0050899,1,50,50,191,101
"244",5,243,1.0043187,1.0050128,1.0042416,1.0050899,51,150,50,166,101
"245",5,244,1.0041645,1.0048585,1.0040873,1.0049356,151,50,50,50,101
"246",5,245,1.0043957,1.0048585,1.0043187,1.0050899,50,100,51,141,101
"247",5,246,1.00455,1.0050128,1.0044729,1.0052441,1,234,50,50,101
"248",5,247,1.0043187,1.0050128,1.0042416,1.0050899,26,159,50,91,101
"249",5,248,1.0043957,1.0049356,1.0043187,1.0050128,1,100,50,134,101
"250",5,249,1.0047814,1.0053983,1.0046271,1.0057068,103,50,50,41,101
"251",5,250,1.0047814,1.0054754,1.0047042,1.0055525,28,50,51,50,101
"252",5,251,1.0047814,1.0052441,1.00455,1.0053211,3,50,50,50,101
"253",5,252,1.0047814,1.0052441,1.00455,1.0053211,3,50,50,50,101
"254",5,253,1.0047814,1.0052441,1.0044729,1.0053211,3,50,50,50,101
"255",5,254,1.0047814,1.0052441,1.00455,1.0053211,3,50,50,50,101
"256",5,255,1.0046271,1.0053211,1.00455,1.0053983,1,150,50,150,101
"257",5,256,1.0047042,1.0053211,1.00455,1.0053983,1,50,50,50,101
"258",5,257,1.00455,1.0053211,1.0043187,1.0053983,1,50,50,50,101
"259",5,258,1.0046271,1.0053211,1.00455,1.0053983,1,50,50,50,101
"260",5,259,1.0046271,1.0052441,1.0044729,1.0053211,1,50,50,150,101
"261",5,260,1.00455,1.0053211,1.0044729,1.0053983,26,150,50,50,101
"262",5,261,1.00455,1.0052441,1.0044729,1.0053211,51,150,50,50,101
"263",5,262,1.0043957,1.005167,1.0043187,1.0052441,51,50,50,150,101
"264",5,263,1.0041645,1.0048585,1.0040873,1.0049356,1,50,50,50,101
"265",5,264,1.0042416,1.0050128,1.0041645,1.0050899,51,50,250,90,101
"266",5,265,1.0043187,1.0050128,1.0042416,1.0050899,26,50,50,90,101
"267",5,266,1.0041645,1.0049356,1.0040873,1.0050128,251,50,250,50,101
"268",5,267,1.0047042,1.0053983,1.0046271,1.0054754,26,50,50,50,101
"269",5,268,1.0047042,1.0053211,1.0046271,1.0053983,1,50,50,50,101
"270",5,269,1.0047042,1.0053211,1.00455,1.0053983,1,50,51,50,101
"271",5,270,1.00455,1.005167,1.0044729,1.0052441,1,50,50,150,101
"272",5,271,1.0046271,1.0052441,1.00455,1.0053983,201,200,250,50,101
"273",5,272,1.00455,1.0052441,1.0044729,1.0053211,225,125,250,50,101
"274",5,273,1.00455,1.005167,1.0044729,1.0052441,200,151,350,25,101
"275",5,274,1.0047042,1.0053211,1.0046271,1.0053983,507,50,1,250,101
"276",5,275,1.0047042,1.0052441,1.0046271,1.0053211,7,50,201,150,101
"277",5,276,1.0047814,1.0053211,1.0047042,1.0053983,200,150,206,50,101
"278",5,277,1.0047042,1.0052441,1.00455,1.0053211,5,50,250,50,101
"279",5,278,1.0047042,1.0052441,1.00455,1.0053211,5,50,350,50,101
"280",5,279,1.0047042,1.0053983,1.0046271,1.0054754,31,50,250,50,101
"281",5,280,1.0050128,1.0055525,1.0049356,1.0056297,200,50,201,198,101
"282",5,281,1.0054754,1.0062466,1.0053983,1.0063237,51,50,50,50,101
"283",5,282,1.0054754,1.0061696,1.0053983,1.0062466,52,5,250,50,101
"284",5,283,1.0054754,1.0060153,1.0052441,1.0060924,1,250,50,50,101
"285",5,284,1.005167,1.0059382,1.0050899,1.0060153,50,50,150,250,101
"286",5,285,1.005167,1.005861,1.0050899,1.0059382,50,150,150,50,101
"287",5,286,1.0053211,1.005861,1.0052441,1.0060153,51,100,50,150,101
"288",5,287,1.0053211,1.0059382,1.0052441,1.0060924,26,105,51,50,101
"289",5,288,1.0054754,1.0059382,1.0053983,1.0061696,50,5,50,100,101
"290",5,289,1.0053211,1.0060924,1.0052441,1.0061696,50,50,50,50,101
"291",5,290,1.0053211,1.0060924,1.0052441,1.0061696,151,50,51,50,101
"292",5,291,1.0053983,1.0060153,1.0053211,1.0060924,150,5,26,150,101
"293",5,292,1.0053983,1.0060153,1.0053211,1.0060924,101,100,25,50,101
"294",5,293,1.0053983,1.0060153,1.0053211,1.0060924,100,100,50,50,101
"295",5,294,1.0053983,1.0059382,1.005167,1.0060153,100,150,50,125,101
"296",5,295,1.0053983,1.0059382,1.0053211,1.0060153,100,100,50,150,101
"297",5,296,1.0053983,1.0059382,1.005167,1.0060153,100,150,50,225,101
"298",5,297,1.0050899,1.0056297,1.0050128,1.0057839,201,52,250,50,101
"299",5,298,1.0050899,1.0056297,1.0050128,1.0057839,226,52,50,50,101
"300",5,299,1.0050899,1.0056297,1.0049356,1.0057068,101,77,50,50,101
"301",5,300,1.0050899,1.0056297,1.0048585,1.0057068,101,77,150,50,101
"302",5,301,1.005167,1.0056297,1.0050899,1.0059382,50,52,126,150,101
"303",5,302,1.0053211,1.0056297,1.0052441,1.0059382,50,52,51,100,101
"304",5,303,1.0052441,1.0056297,1.005167,1.0059382,50,52,50,200,101
"305",5,304,1.0052441,1.0056297,1.005167,1.0059382,50,52,150,100,101
"306",5,305,1.005167,1.0056297,1.0050899,1.0059382,100,52,104,150,101
"307",5,306,1.0050899,1.0056297,1.0050128,1.0057839,204,52,150,50,101
"308",5,307,1.0050899,1.0056297,1.0050128,1.0057068,204,52,100,50,101
"309",5,308,1.0050899,1.0056297,1.0050128,1.0057068,204,52,50,100,101
"310",5,309,1.0050899,1.0056297,1.0050128,1.0057068,204,52,50,100,101
"311",5,310,1.0050899,1.0056297,1.0050128,1.0057068,104,252,150,150,101
"312",5,311,1.0050899,1.0056297,1.0050128,1.0057068,104,152,150,100,101
"313",5,312,1.0050899,1.0056297,1.0050128,1.0057068,129,152,150,100,101
"314",5,313,1.0050899,1.0056297,1.0050128,1.0057068,129,152,150,100,101
"315",5,314,1.0050899,1.0056297,1.0050128,1.0057068,104,177,100,150,101
"316",5,315,1.0050899,1.0055525,1.0050128,1.0056297,104,26,100,102,101
"317",5,316,1.005167,1.0055525,1.0050899,1.0056297,50,1,154,52,101
"318",5,317,1.0047814,1.005167,1.0047042,1.0052441,100,50,3,125,101
"319",5,318,1.0046271,1.0050899,1.00455,1.005167,100,54,100,50,101
"320",5,319,1.0046271,1.0050128,1.00455,1.0050899,100,50,100,30,101
"321",5,320,1.0046271,1.0050128,1.00455,1.0050899,100,50,100,26,101
"322",5,321,1.0046271,1.0050128,1.00455,1.0050899,100,1,100,50,101
"323",5,322,1.0046271,1.0049356,1.00455,1.0050128,100,50,100,150,101
"324",5,323,1.0046271,1.0049356,1.00455,1.0050128,100,51,100,150,101
"325",5,324,1.0046271,1.0049356,1.00455,1.0050128,100,1,100,100,101
"326",5,325,1.0046271,1.0050128,1.00455,1.0050899,500,200,100,52,101
"327",5,326,1.0046271,1.0049356,1.00455,1.0050128,100,100,100,150,101
"328",5,327,1.0046271,1.0050128,1.00455,1.0050899,400,100,200,2,101
"329",5,328,1.00455,1.0050128,1.0043957,1.0050899,200,102,52,50,101
"330",5,329,1.0047814,1.0050128,1.0047042,1.0053983,200,102,200,50,101
"331",5,330,1.0046271,1.0052441,1.00455,1.0053211,200,50,150,50,101
"332",5,331,1.0046271,1.0052441,1.00455,1.0053211,200,50,150,50,101
"333",5,332,1.00455,1.0050899,1.0044729,1.005167,100,50,200,150,101
"334",5,333,1.0046271,1.005167,1.00455,1.0052441,300,250,100,50,101
"335",5,334,1.0046271,1.005167,1.00455,1.0052441,300,150,100,50,101
"336",5,335,1.00455,1.0050128,1.0044729,1.0050899,100,50,200,50,101
"337",5,336,1.00455,1.0050899,1.0044729,1.005167,100,50,200,50,101
"338",5,337,1.00455,1.005167,1.0044729,1.0052441,100,50,200,250,101
"339",5,338,1.00455,1.0050899,1.0044729,1.005167,100,50,200,50,101
"340",5,339,1.0043957,1.0050128,1.0042416,1.0050899,2,50,250,250,101
"341",5,340,1.0043957,1.0050128,1.0043187,1.0050899,2,50,50,50,101
"342",5,341,1.0043957,1.0050899,1.0043187,1.005167,127,50,50,50,101
"343",5,342,1.0043957,1.0050899,1.0043187,1.005167,27,50,50,50,101
"344",5,343,1.0043957,1.0050899,1.0042416,1.005167,2,50,50,50,101
"345",5,344,1.0040873,1.0048585,1.0040102,1.0049356,1,50,250,50,101
"346",5,345,1.0040873,1.0047814,1.0040102,1.0048585,26,50,50,50,101
"347",5,346,1.0040873,1.0047042,1.0040102,1.0047814,1,50,50,50,101
"348",5,347,1.0041645,1.0048585,1.0040873,1.0049356,50,50,26,50,101
"349",5,348,1.0041645,1.0047814,1.0040873,1.0048585,50,150,126,50,101
"350",5,349,1.0043187,1.0050899,1.0042416,1.005167,50,50,50,50,101
"351",5,350,1.0041645,1.0050899,1.0040873,1.005167,51,50,126,50,101
"352",5,351,1.0041645,1.0050899,1.0040873,1.005167,1,50,101,50,101
"353",5,352,1.0041645,1.0047814,1.0040873,1.0048585,1,50,101,150,101
"354",5,353,1.003856,1.00455,1.0037788,1.0047042,50,50,325,50,101
"355",5,354,1.0039331,1.00455,1.003856,1.0046271,50,150,325,50,101
"356",5,355,1.0040873,1.0047814,1.0040102,1.0048585,250,50,293,50,101
"357",5,357,1.0040873,1.0047814,1.0040102,1.0048585,250,50,293,150,101
"358",5,358,1.0043957,1.0050899,1.0043187,1.005167,400,100,50,50,101
"359",5,359,1.0042416,1.0049356,1.0041645,1.0050128,225,50,250,150,101
"360",5,360,1.0043957,1.0050899,1.0043187,1.005167,50,150,50,50,101
"361",5,361,1.0041645,1.0049356,1.0040873,1.0050128,50,50,250,50,101
"362",5,362,1.0041645,1.0048585,1.0040873,1.0049356,50,50,250,51,101
"363",5,363,1.0042416,1.0049356,1.0041645,1.0050128,50,26,50,50,101
"364",5,364,1.0040873,1.0047814,1.0040102,1.0048585,50,26,293,150,101
"365",5,365,1.0042416,1.0047814,1.0041645,1.0048585,225,1,250,150,101
"366",5,366,1.0041645,1.0047814,1.0040873,1.0048585,50,1,150,150,101
"367",5,367,1.0042416,1.0047814,1.0041645,1.0049356,225,1,250,50,101
"368",5,368,1.0043957,1.0047814,1.0042416,1.0049356,200,1,250,50,101
"369",5,369,1.0043957,1.0047814,1.0043187,1.0050899,250,1,50,50,101
"370",5,370,1.0043187,1.0050128,1.0042416,1.0050899,50,51,250,50,101
"371",5,371,1.0043957,1.0050128,1.0043187,1.0050899,50,1,51,50,101
"372",5,372,1.0043957,1.0050128,1.0043187,1.0050899,226,1,50,50,101
"373",5,373,1.0043957,1.0050128,1.0043187,1.0050899,226,1,50,50,101
"374",5,374,1.0043957,1.0048585,1.0041645,1.0049356,1,50,50,150,101
"375",5,375,1.0040873,1.0048585,1.0040102,1.0049356,350,150,293,51,101
"376",5,376,1.0040873,1.0047042,1.0040102,1.0047814,150,50,250,26,101
"377",5,377,1.0037788,1.00455,1.0036246,1.0046271,100,50,50,150,101
"378",5,378,1.0030077,1.0037017,1.0029305,1.0037788,231,50,250,26,101
"379",5,379,1.0030848,1.0037017,1.0030077,1.0037788,39,50,56,26,101
"380",5,380,1.0030848,1.0037017,1.0030077,1.0037788,100,50,356,26,101
"381",5,381,1.0030848,1.0036246,1.0030077,1.0037017,100,50,106,151,101
"382",5,382,1.0034703,1.0041645,1.0033932,1.0042416,50,195,264,50,101
"383",5,383,1.0031619,1.0037788,1.0030848,1.003856,500,50,150,50,101
"384",5,384,1.0031619,1.0037788,1.0030848,1.003856,689,150,250,50,101
"385",5,385,1.0031619,1.0037788,1.0030848,1.003856,400,150,250,50,101
"386",5,386,1.0031619,1.0037788,1.0030848,1.003856,400,50,200,50,101
"387",5,387,1.0031619,1.003856,1.0030848,1.0039331,525,50,250,50,101
"388",5,388,1.0030848,1.0036246,1.0030077,1.0037017,400,50,206,50,101
"389",5,389,1.0033932,1.0040102,1.0033162,1.0040873,400,50,50,50,101
"390",5,390,1.003239,1.003856,1.0031619,1.0039331,200,150,50,50,101
"391",5,391,1.003239,1.0040102,1.0031619,1.0040873,225,50,150,50,101
"392",5,392,1.003239,1.003856,1.0031619,1.0039331,200,50,150,150,101
"393",5,393,1.0030848,1.003856,1.0030077,1.0039331,150,50,256,150,101
"394",5,394,1.003239,1.0037788,1.0031619,1.003856,100,50,150,150,101
"395",5,395,1.003239,1.003856,1.0031619,1.0039331,150,150,525,50,101
"396",5,396,1.003239,1.0040873,1.0031619,1.0041645,150,50,125,50,101
"397",5,397,1.0033162,1.003856,1.003239,1.0040102,50,131,450,50,101
"398",5,398,1.0033932,1.003856,1.0033162,1.0040873,425,131,50,50,101
"399",5,399,1.0033162,1.003856,1.003239,1.0040102,50,131,450,50,101
"400",5,400,1.0031619,1.0037788,1.0030848,1.003856,464,150,50,181,101
"401",5,401,1.003239,1.003856,1.0031619,1.0039331,50,231,464,50,101
"402",5,402,1.0031619,1.0037788,1.0030848,1.003856,25,150,89,156,101
"403",5,403,1.003239,1.003856,1.0031619,1.0039331,400,156,50,50,101
"404",5,404,1.003239,1.003856,1.0031619,1.0039331,400,156,50,50,101
"405",5,405,1.003239,1.003856,1.0031619,1.0039331,425,156,50,50,101
"406",5,406,1.0033162,1.003856,1.003239,1.0040102,50,131,464,50,101
"407",5,407,1.0030077,1.0037017,1.0029305,1.0037788,431,50,250,150,101
"408",5,408,1.0033932,1.0036246,1.003239,1.0037788,400,1,50,150,101
"409",5,409,1.0031619,1.0036246,1.0030077,1.0037017,400,26,156,50,101
"410",5,410,1.0031619,1.0035474,1.0030077,1.0036246,400,150,156,26,101
"411",5,411,1.0030077,1.0034703,1.0028534,1.0035474,6,150,50,51,101
"412",5,412,1.0031619,1.003856,1.0030848,1.0039331,89,156,50,50,101
"413",5,413,1.0030077,1.0033932,1.0028534,1.0034703,6,50,100,125,101
"414",5,414,1.0030077,1.003856,1.0029305,1.0039331,6,25,50,50,101
"415",5,415,1.0030077,1.003856,1.0029305,1.0039331,31,25,50,50,101
"416",5,416,1.0028534,1.0035474,1.0027763,1.0036246,50,50,125,125,101
"417",5,417,1.0030077,1.0037788,1.0029305,1.003856,50,50,250,50,101
"418",5,418,1.0029305,1.0036246,1.0028534,1.0037017,50,150,150,50,101
"419",5,419,1.0029305,1.0035474,1.0028534,1.0036246,50,50,150,150,101
"420",5,420,1.0030077,1.0036246,1.0029305,1.0037017,50,50,250,50,101
"421",5,421,1.0027763,1.0033932,1.0026991,1.0034703,125,50,250,150,101
"422",5,422,1.0028534,1.0034703,1.0027763,1.0035474,50,150,525,50,101
"423",5,423,1.0027763,1.0033932,1.0026991,1.0034703,550,50,50,50,101
"424",5,424,1.0026991,1.0033932,1.002622,1.0034703,250,50,250,50,101
"425",5,425,1.002622,1.003239,1.0025449,1.0033162,50,50,450,50,101
"426",5,426,1.002622,1.0033162,1.0025449,1.0033932,50,50,450,50,101
"427",5,427,1.0025449,1.0031619,1.0024678,1.003239,550,50,50,150,101
"428",5,428,1.0025449,1.003239,1.0024678,1.0033162,425,150,50,50,101
"429",5,429,1.0027763,1.003239,1.002622,1.0033162,400,10,150,50,101
"430",5,430,1.0027763,1.0033932,1.0026991,1.0034703,400,150,50,50,101
"431",5,431,1.0027763,1.0033162,1.0026991,1.0033932,400,100,50,50,101
"432",5,432,1.0026991,1.0033162,1.002622,1.0033932,225,125,450,50,101
"433",5,433,1.0027763,1.0033162,1.002622,1.0033932,400,100,250,50,101
"434",5,434,1.0029305,1.003239,1.0028534,1.0033162,200,60,200,100,101
"435",5,435,1.0029305,1.003239,1.0028534,1.0033162,200,60,200,50,101
"436",5,436,1.0023907,1.0030077,1.0023136,1.0030848,700,50,50,25,101
"437",5,437,1.0027763,1.0030848,1.0026991,1.003239,200,100,200,110,101
"438",5,438,1.0028534,1.0034703,1.0027763,1.0035474,425,50,50,50,101
"439",5,439,1.0029305,1.0035474,1.0028534,1.0036246,525,50,50,92,101
"440",5,440,1.0029305,1.0035474,1.0028534,1.0036246,500,150,50,167,101
"441",5,441,1.0030077,1.0035474,1.0029305,1.0036246,50,150,525,192,101
"442",5,442,1.003239,1.0035474,1.0030848,1.0037017,500,24,50,50,101
"443",5,443,1.0030077,1.0035474,1.0029305,1.0036246,500,74,50,50,101
"444",5,444,1.0030077,1.0033932,1.0029305,1.0035474,400,56,50,74,101
"445",5,445,1.0030077,1.0033162,1.0027763,1.0034703,393,56,50,50,101
"446",5,446,1.0030077,1.0033162,1.0026991,1.0033932,400,56,91,50,101
"447",5,447,1.0030077,1.0033162,1.0027763,1.0033932,400,56,50,50,101
"448",5,448,1.0030848,1.0033162,1.0029305,1.0035474,400,56,50,24,101
"449",5,449,1.0035474,1.0041645,1.0034703,1.0042416,300,50,50,50,101
"450",5,450,1.0030848,1.0041645,1.0030077,1.0042416,178,50,200,50,101
"451",5,451,1.003239,1.0039331,1.0031619,1.0040102,200,50,339,50,101
"452",5,452,1.0033932,1.0039331,1.003239,1.0040102,400,50,50,50,101
"453",5,453,1.0033932,1.0039331,1.003239,1.0040102,200,50,250,250,101
"454",5,454,1.003239,1.0039331,1.0031619,1.0040102,200,50,389,250,101
"455",5,455,1.0033932,1.0039331,1.003239,1.0040102,200,50,200,250,101
"456",5,456,1.003239,1.0037788,1.0031619,1.003856,200,50,339,151,101
"457",5,457,1.003239,1.0037017,1.0031619,1.0037788,400,51,100,150,101
"458",5,458,1.003239,1.0037017,1.0031619,1.0037788,500,1,50,150,101
"459",5,459,1.0036246,1.0040873,1.0035474,1.0041645,200,150,200,50,101
"460",5,460,1.0036246,1.0041645,1.0035474,1.0042416,200,50,250,50,101
"461",5,461,1.0035474,1.0041645,1.0034703,1.0042416,200,50,50,50,101
"462",5,462,1.0035474,1.0040873,1.0034703,1.0041645,200,150,50,50,101
"463",5,463,1.0035474,1.0040873,1.0034703,1.0041645,200,150,150,50,101
"464",5,464,1.003239,1.0039331,1.0031619,1.0040102,200,50,50,150,101
"465",5,465,1.0034703,1.0040873,1.0033932,1.0041645,50,50,550,50,101
"466",5,466,1.0035474,1.0043187,1.0034703,1.0043957,250,50,50,50,101
"467",5,467,1.0033932,1.0040102,1.0033162,1.0040873,50,50,50,50,101
"468",5,468,1.0033932,1.0040873,1.0033162,1.0041645,225,50,50,250,101
"469",5,469,1.0033162,1.0039331,1.003239,1.0040102,325,50,450,150,101
"470",5,470,1.0035474,1.0040873,1.0034703,1.0041645,225,150,50,50,101
"471",5,471,1.0037788,1.0044729,1.0037017,1.00455,50,50,150,50,101
"472",5,472,1.0037017,1.0043187,1.0036246,1.0043957,26,191,250,50,101
"473",5,473,1.0037017,1.0041645,1.0036246,1.0042416,1,150,250,50,101
"474",5,474,1.0036246,1.0042416,1.0035474,1.0043187,250,50,225,91,101
"475",5,475,1.0036246,1.0043187,1.0035474,1.0043957,250,91,225,50,101
"476",5,476,1.0037788,1.0043187,1.0037017,1.0043957,200,91,50,150,101
"477",5,477,1.0039331,1.00455,1.003856,1.0046271,50,50,50,50,101
"478",5,478,1.0039331,1.0044729,1.003856,1.00455,1,50,50,150,101
"479",5,479,1.003856,1.0043957,1.0036246,1.0044729,1,50,50,50,101
"480",5,480,1.0034703,1.0044729,1.0033932,1.00455,50,50,50,150,101
"481",5,481,1.0036246,1.0044729,1.0035474,1.00455,50,50,50,150,101
"482",5,482,1.0036246,1.0044729,1.0035474,1.00455,51,50,50,150,101
"483",5,483,1.0037017,1.0043187,1.0036246,1.0043957,50,50,26,150,101
"484",5,484,1.0037017,1.0042416,1.0036246,1.0043187,1,150,50,91,101
"485",5,485,1.0035474,1.0041645,1.0034703,1.0042416,1,50,50,150,101
"486",5,486,1.0035474,1.0041645,1.0034703,1.0042416,50,50,50,150,101
"487",5,487,1.0039331,1.00455,1.003856,1.0046271,50,50,50,50,101
"488",5,488,1.0039331,1.0043957,1.0037788,1.0044729,1,150,50,50,101
"489",5,489,1.0037788,1.0043187,1.0037017,1.0043957,26,41,50,150,101
"490",5,490,1.0037017,1.0042416,1.0034703,1.0043187,1,50,50,66,101
"491",5,491,1.0034703,1.0040873,1.0033932,1.0041645,50,150,51,50,101
"492",5,492,1.0036246,1.0042416,1.0035474,1.0043187,50,50,50,66,101
"493",5,493,1.0036246,1.0041645,1.0035474,1.0042416,1,50,50,150,101
"494",5,494,1.0037788,1.0043187,1.0037017,1.0043957,50,41,50,50,101
"495",5,495,1.0037017,1.0041645,1.0035474,1.0042416,1,50,54,50,101
"496",5,496,1.0037017,1.0043187,1.0036246,1.0043957,50,165,50,50,101
"497",5,497,1.0037788,1.00455,1.0037017,1.0046271,50,50,51,50,101
"498",5,498,1.0037788,1.0044729,1.0037017,1.00455,50,150,26,50,101
"499",5,499,1.0037017,1.0044729,1.0036246,1.00455,50,50,50,50,101
"500",5,500,1.003856,1.0044729,1.0037788,1.00455,50,150,250,50,101
"501",5,501,1.0039331,1.00455,1.003856,1.0046271,125,50,51,50,101
"502",5,502,1.0039331,1.00455,1.003856,1.0046271,107,150,50,50,101
"503",5,503,1.0039331,1.0043957,1.0037788,1.0044729,107,50,250,50,101
"504",5,504,1.0039331,1.0043957,1.0037788,1.0044729,107,26,250,50,101
"505",5,505,1.0039331,1.0043187,1.0036246,1.0043957,107,50,250,26,101
"506",5,506,1.0039331,1.0043187,1.0037788,1.0043957,107,150,200,51,101
"507",5,507,1.0039331,1.0043187,1.003856,1.0043957,107,1,200,50,101
"508",5,508,1.0039331,1.0043187,1.0037788,1.0043957,107,150,250,51,101
"509",5,509,1.0039331,1.0043187,1.0037017,1.0043957,107,90,50,26,101
"510",5,510,1.0039331,1.0042416,1.0036246,1.0043187,107,50,250,151,101
"511",5,511,1.0034703,1.0040873,1.0033932,1.0041645,150,50,250,50,101
"512",5,512,1.0035474,1.0040873,1.0034703,1.0041645,225,1,150,50,101
"513",5,513,1.0037017,1.0041645,1.0036246,1.0043187,250,1,350,150,101
"514",5,514,1.0039331,1.00455,1.003856,1.0046271,50,50,250,50,101
"515",5,515,1.0039331,1.00455,1.003856,1.0046271,50,150,250,50,101
"516",5,516,1.0042416,1.0048585,1.0041645,1.0050128,50,141,253,50,101
"517",5,517,1.0041645,1.0046271,1.0040102,1.0047042,203,50,250,50,101
"518",5,518,1.0041645,1.0047042,1.0040873,1.0047814,3,50,50,50,101
"519",5,519,1.0037788,1.0044729,1.0037017,1.00455,50,50,50,50,101
"520",5,520,1.0039331,1.0044729,1.003856,1.00455,150,50,250,150,101
"521",5,521,1.0039331,1.00455,1.003856,1.0046271,50,50,325,50,101
"522",5,522,1.003856,1.0044729,1.0037788,1.00455,150,50,250,50,101
"523",5,523,1.0039331,1.0044729,1.003856,1.00455,50,50,50,50,101
"524",5,524,1.0037788,1.0044729,1.0037017,1.00455,350,50,50,50,101
"525",5,525,1.0037017,1.0043187,1.0036246,1.0043957,50,50,150,50,101
"526",5,526,1.0036246,1.0042416,1.0035474,1.0043187,150,150,250,50,101
"527",5,527,1.0037788,1.0043957,1.0037017,1.0044729,50,50,50,50,101
"528",5,528,1.0036246,1.0042416,1.0035474,1.0043187,150,150,250,50,101
"529",5,529,1.0035474,1.0041645,1.0034703,1.0042416,50,50,225,150,101
"530",5,530,1.0036246,1.0042416,1.0035474,1.0043187,50,150,50,90,101
"531",5,531,1.0037017,1.0043187,1.0036246,1.0043957,50,150,250,50,101
"532",5,532,1.0036246,1.0042416,1.0035474,1.0043187,250,50,250,150,101
"533",5,533,1.0033162,1.003856,1.0031619,1.0039331,400,50,450,50,101
"534",5,534,1.0033932,1.0040102,1.0033162,1.0040873,50,50,425,50,101
"535",5,535,1.0033162,1.003856,1.0031619,1.0039331,200,50,150,150,101
"536",5,536,1.0033162,1.0039331,1.003239,1.0040102,325,150,50,50,101
"537",5,537,1.0035474,1.0041645,1.0034703,1.0042416,50,50,50,50,101
"538",5,538,1.0034703,1.0040102,1.0033932,1.0040873,50,50,252,150,101
"539",5,539,1.0033932,1.0040102,1.0033162,1.0040873,252,50,325,150,101
"540",5,540,1.0034703,1.0040873,1.0033932,1.0041645,50,50,252,50,101
"541",5,541,1.0033932,1.0040102,1.0033162,1.0040873,227,50,350,150,101
"542",5,542,1.0035474,1.0040102,1.0034703,1.0040873,200,50,50,50,101
"543",5,543,1.0035474,1.0042416,1.0034703,1.0043187,253,50,50,90,101
"544",5,544,1.0035474,1.0039331,1.0033932,1.0040102,3,150,50,50,101
"545",5,545,1.0035474,1.0039331,1.0033932,1.0040102,3,150,250,50,101
"546",5,546,1.0033162,1.0037788,1.0031619,1.003856,300,50,350,150,101
"547",5,547,1.0033162,1.0037788,1.0031619,1.003856,300,50,350,150,101
"548",5,548,1.003239,1.0037788,1.0031619,1.003856,100,50,250,50,101
"549",5,549,1.0031619,1.0036246,1.0030077,1.0037017,200,50,250,50,101
"550",5,550,1.0031619,1.0036246,1.0030848,1.0037017,200,50,50,50,101
"551",5,551,1.0028534,1.0033932,1.0027763,1.0034703,150,50,350,50,101
"552",5,552,1.0029305,1.0034703,1.0028534,1.0035474,300,150,50,50,101
"553",5,553,1.0026991,1.0033162,1.002622,1.0033932,350,51,150,50,101
"554",5,554,1.0026991,1.003239,1.002622,1.0033162,250,51,150,50,101
"555",5,555,1.0025449,1.0030848,1.0024678,1.0031619,250,150,250,51,101
"556",5,556,1.0026991,1.0030848,1.002622,1.0033162,250,1,50,50,101
"557",5,557,1.0026991,1.0030848,1.002622,1.0033162,250,1,50,50,101
"558",5,558,1.0026991,1.0030848,1.002622,1.0033162,250,1,50,50,101
"559",5,559,1.0030077,1.0036246,1.0029305,1.0037017,250,50,250,150,101
"560",5,560,1.0031619,1.003856,1.0030848,1.0039331,50,50,50,50,101
"561",5,561,1.003239,1.003856,1.0031619,1.0039331,50,50,250,50,101
"562",5,563,1.0031619,1.003856,1.0030848,1.0039331,50,50,50,50,101
"563",5,564,1.0030848,1.003856,1.0030077,1.0039331,50,50,350,50,101
"564",5,565,1.0030848,1.0037788,1.0030077,1.003856,250,150,125,50,101
"565",5,566,1.0031619,1.0037788,1.0030848,1.003856,350,150,50,50,101
"566",5,567,1.0030077,1.0036246,1.0029305,1.0037017,225,50,250,150,101
"567",5,568,1.0030077,1.0036246,1.0029305,1.0037017,225,150,250,50,101
"568",5,569,1.0025449,1.003239,1.0024678,1.0033162,425,50,50,125,101
"569",5,570,1.0027763,1.003239,1.0026991,1.0033162,400,150,50,150,101
"570",5,571,1.0026991,1.0033162,1.002622,1.0034703,593,200,250,50,101
"571",5,572,1.0025449,1.003239,1.0024678,1.0033162,250,50,250,225,101
"572",5,573,1.0025449,1.003239,1.0024678,1.0033162,50,50,250,225,101
"573",5,574,1.0026991,1.003239,1.002622,1.0033162,200,50,50,125,101
"574",5,575,1.0025449,1.0030848,1.0024678,1.0031619,500,150,50,50,101
"575",5,576,1.0025449,1.0030077,1.0024678,1.0030848,500,55,50,150,101
"576",5,577,1.0027763,1.0033162,1.0026991,1.0033932,425,100,93,50,101
"577",5,578,1.0027763,1.0034703,1.0026991,1.0035474,425,150,93,50,101
"578",5,579,1.002622,1.003239,1.0025449,1.0033162,50,50,525,50,101
"579",5,580,1.0027763,1.0033932,1.0026991,1.0034703,50,150,250,50,101
"580",5,581,1.0023907,1.0030077,1.0023136,1.0030848,100,50,400,50,101
"581",5,582,1.0023907,1.0030848,1.0021594,1.0031619,100,50,440,50,101
"582",5,583,1.0023907,1.0030848,1.0023136,1.0031619,100,50,400,50,101
"583",5,584,1.0023907,1.0028534,1.0023136,1.0029305,100,50,400,150,101
"584",5,585,1.0023907,1.0029305,1.0023136,1.0030077,100,50,400,150,101
"585",5,587,1.0021594,1.0025449,1.0020051,1.002622,400,50,100,50,101
"586",5,588,1.0020822,1.002622,1.0020051,1.0026991,200,50,100,125,101
"587",5,589,1.0020051,1.002622,1.001928,1.0026991,100,50,450,125,101
"588",5,590,1.0020051,1.002622,1.001928,1.0026991,125,150,450,25,101
"589",5,591,1.0021594,1.0027763,1.0020822,1.0028534,150,50,400,50,101
"590",5,592,1.0020051,1.0023907,1.001928,1.0024678,100,50,100,50,101
"591",5,593,1.0020051,1.002622,1.001928,1.0026991,100,50,50,50,101
"592",5,594,1.0020051,1.0025449,1.0018508,1.002622,100,150,350,50,101
"593",5,595,1.0020051,1.0025449,1.001928,1.002622,100,150,100,50,101
"594",5,596,1.0020051,1.002622,1.001928,1.0026991,125,150,550,93,101
"595",5,597,1.0020051,1.002622,1.001928,1.0026991,100,150,150,93,101
"596",5,598,1.0020051,1.002622,1.001928,1.0026991,325,50,150,50,101
"597",5,599,1.0020051,1.0025449,1.001928,1.002622,200,50,500,150,101
"598",11,0,0.99989384,1.0002476,0.9998231,1.0003184,100,100,50,50,101
"599",11,2,0.99989384,1.0002476,0.9998231,1.0003892,150,100,50,50,101
"600",11,3,0.9999646,1.0002476,0.99989384,1.0003892,50,99,100,50,101
"601",11,5,1.0001769,1.0006014,1.0001061,1.0006722,50,100,350,50,101
"602",11,6,1.0001769,1.0006014,1.0001061,1.0006722,250,100,250,50,101
"603",11,7,1.0002476,1.0005307,1.0001061,1.0006014,100,50,100,150,101
"604",11,8,0.99989384,1.0003892,0.9998231,1.0004599,350,50,50,50,101
"605",11,9,0.9999646,1.0003892,0.99989384,1.0004599,500,50,289,150,101
"606",11,10,0.9999646,1.0003892,0.99989384,1.0004599,250,200,289,150,101
"607",11,11,1.0002476,1.0003892,1.0000354,1.0004599,100,11,250,100,101
"608",11,12,0.9999646,1.0003892,0.99989384,1.0004599,100,61,250,150,101
"609",11,13,0.99989384,1.0001769,0.99975234,1.0002476,100,50,60,50,101
"610",11,14,0.9999646,1.0003184,0.99989384,1.0003892,100,50,250,61,101
"611",11,15,1.0000354,1.0003892,0.9999646,1.0004599,150,61,150,150,101
"612",11,16,1.0002476,1.0005307,1.0001769,1.0006014,102,50,100,50,101
"613",11,17,1.0000354,1.0005307,0.9999646,1.0006014,52,50,150,50,101
"614",11,18,1.0001061,1.0005307,1.0000354,1.0006014,400,50,52,50,101
"615",11,19,1.0001061,1.0005307,1.0000354,1.0006014,400,50,2,50,101
"616",11,20,1.0001061,1.0005307,1.0000354,1.0006014,300,50,2,50,101
"617",11,22,1.0001061,1.0005307,1.0000354,1.0006014,200,50,2,50,101
"618",11,23,1.0001061,1.0005307,1.0000354,1.0006014,200,50,52,50,101
"619",11,24,1.0001061,1.0005307,1.0000354,1.0006014,200,50,52,50,101
"620",11,25,1.0001769,1.0005307,1.0001061,1.0006014,200,50,300,150,101
"621",11,26,1.0001061,1.0005307,1.0000354,1.0006014,200,50,50,150,101
"622",11,28,1.0001061,1.0005307,0.9999646,1.0006014,200,50,150,150,101
"623",11,29,1.0001061,1.0005307,1.0000354,1.0006014,200,50,50,150,101
"624",11,32,1.0001061,1.0005307,1.0000354,1.0006014,200,50,50,150,101
"625",11,34,1.0001061,1.0005307,0.9999646,1.0006014,200,50,187,150,101
"626",11,35,1.0001061,1.0003892,0.9999646,1.0004599,200,50,150,150,101
"627",11,37,0.99975234,1.0001769,0.9996816,1.0002476,360,50,260,50,101
"628",11,38,0.99975234,1.0001769,0.9996816,1.0002476,260,50,260,50,101
"629",11,39,0.9999646,1.0003184,0.99989384,1.0003892,200,50,281,50,101
"630",11,44,0.9999646,1.0003184,0.99989384,1.0003892,100,250,231,50,101
"631",11,45,0.9999646,1.0003184,0.99989384,1.0003892,100,350,231,50,101
"632",11,48,0.9999646,1.0003184,0.99989384,1.0003892,100,350,231,50,101
"633",11,50,0.9999646,1.0003184,0.99989384,1.0003892,100,350,231,150,101
"634",11,53,0.9999646,1.0003184,0.99989384,1.0003892,101,350,231,50,101
"635",11,54,0.9999646,1.0003184,0.99989384,1.0003892,101,350,231,50,101
"636",11,55,0.9999646,1.0003184,0.99989384,1.0003892,100,350,231,50,101
"637",11,59,0.9999646,1.0003184,0.99989384,1.0003892,100,350,231,50,101
"638",11,60,0.9999646,1.0003184,0.99989384,1.0003892,100,350,231,50,101
"639",11,61,0.9999646,1.0003184,0.99989384,1.0003892,101,350,231,50,101
"640",11,64,0.9999646,1.0003184,0.99989384,1.0003892,101,350,281,50,101
"641",11,65,1.0002476,1.0006722,1.0001769,1.0007429,303,250,50,150,101
"642",11,66,1.0002476,1.0005307,1.0001769,1.0006014,100,50,81,50,101
"643",11,67,1.0002476,1.0005307,1.0001769,1.0006014,301,150,31,50,101
"644",11,69,1.0002476,1.0005307,1.0001769,1.0006722,301,150,31,150,101
"645",11,70,1.0002476,1.0005307,1.0001769,1.0006014,301,100,81,50,101
"646",11,71,1.0003184,1.0005307,1.0002476,1.0006014,200,100,231,50,101
"647",11,72,1.0003184,1.0005307,1.0002476,1.0006014,100,199,231,50,101
"648",11,73,1.0003184,1.0005307,1.0002476,1.0006014,101,199,231,50,101
"649",11,74,1.0003892,1.0005307,1.0003184,1.0006014,100,199,31,50,101
"650",11,75,1.0005307,1.0008137,1.0004599,1.0008845,200,70,331,50,101
"651",11,76,1.0006014,1.0008137,1.0005307,1.0009552,200,20,31,150,101
"652",11,77,1.0006014,1.0009552,1.0005307,1.001026,200,350,31,150,101
"653",11,78,1.0006014,1.0009552,1.0005307,1.001026,300,100,81,150,101
"654",11,79,1.0003184,1.0006722,1.0002476,1.0007429,100,150,200,150,101
"655",11,80,1.0000354,1.0005307,0.9999646,1.0006014,376,250,250,50,101
"656",11,81,1.0001061,1.0005307,1.0000354,1.0006014,600,250,176,50,101
"657",11,82,1.0001061,1.0004599,1.0000354,1.0005307,200,100,176,350,101
"658",11,83,1.0001769,1.0005307,1.0001061,1.0006014,100,250,100,150,101
"659",11,84,0.99975234,1.0001061,0.9996816,1.0001769,310,10,60,50,101
"660",11,85,0.99975234,1.0001061,0.9996816,1.0001769,110,50,60,200,101
"661",11,86,0.99975234,1.0001061,0.9996816,1.0001769,110,50,10,200,101
"662",11,87,0.9998231,1.0001061,0.99975234,1.0001769,400,300,110,350,101
"663",11,88,0.9998231,1.0001061,0.99975234,1.0001769,300,300,110,350,101
"664",11,89,0.9998231,1.0000354,0.99975234,1.0001061,100,50,110,350,101
"665",11,90,0.99975234,0.9999646,0.9996816,1.0000354,10,350,10,150,101
"666",11,91,0.9996816,0.99989384,0.99961084,0.9999646,10,50,1,350,101
"667",11,92,0.9996816,0.9999646,0.99961084,1.0001061,110,300,1,350,101
"668",11,93,0.9996816,0.99989384,0.99961084,0.9999646,110,51,1,350,101
"669",11,94,0.99961084,0.99989384,0.9994693,0.9999646,1,251,210,350,101
"670",11,95,0.9994693,0.99961084,0.9993985,0.99975234,10,302,110,250,101
"671",11,96,0.9994693,0.9995401,0.9993985,0.99961084,10,102,110,200,101
"672",11,97,0.9995401,0.9996816,0.9994693,0.9998231,100,400,210,50,101
"673",11,98,0.9994693,0.99975234,0.9993985,0.9998231,310,400,10,50,101
"674",11,99,0.9994693,0.99961084,0.9993985,0.9996816,110,200,10,250,101
"675",11,100,0.9994693,0.99975234,0.9993985,0.9998231,110,550,10,50,101
"676",11,101,0.99975234,1.0001769,0.9996816,1.0002476,50,150,150,750,101
"677",11,102,0.99961084,1.0000354,0.9995401,1.0001061,200,150,150,550,101
"678",11,103,0.9996816,1.0000354,0.9995401,1.0001061,200,50,50,550,101
"679",11,104,0.9996816,1.0000354,0.9995401,1.0001061,100,50,50,550,101
"680",11,105,0.9996816,1.0000354,0.9995401,1.0001061,100,50,50,450,101
"681",11,106,0.9996816,1.0001769,0.99961084,1.0002476,150,50,50,550,101
"682",11,107,0.9996816,1.0001769,0.99961084,1.0002476,150,50,50,150,101
"683",11,108,0.99975234,1.0001769,0.9996816,1.0002476,150,50,150,150,101
"684",11,109,0.99975234,1.0001769,0.9996816,1.0002476,50,50,150,50,101
"685",11,110,0.99989384,1.0003184,0.9998231,1.0003892,250,50,150,150,101
"686",11,111,0.9998231,1.0003184,0.9996816,1.0003892,100,150,250,150,101
"687",11,112,0.9998231,1.0003184,0.99975234,1.0003892,100,150,50,150,101
"688",11,113,0.9998231,1.0003184,0.99975234,1.0003892,100,250,50,150,101
"689",11,114,0.99989384,1.0003184,0.9998231,1.0003892,250,100,150,150,101
"690",11,115,0.99989384,1.0003184,0.9998231,1.0003892,250,150,150,150,101
"691",11,116,0.99989384,1.0003184,0.9998231,1.0003892,150,150,150,50,101
"692",11,118,0.99989384,1.0003184,0.9998231,1.0003892,150,100,150,50,101
"693",11,120,0.99989384,1.0003184,0.9998231,1.0003892,150,150,150,50,101
"694",11,121,0.9998231,1.0003184,0.99975234,1.0003892,350,750,150,150,101
"695",11,122,0.9998231,1.0003184,0.99975234,1.0003892,350,750,50,150,101
"696",11,123,0.99989384,1.0000354,0.9998231,1.0001769,200,100,200,150,101
"697",11,124,0.99989384,1.0000354,0.9998231,1.0001769,200,200,200,50,101
"698",11,125,0.99989384,1.0000354,0.9998231,1.0001769,100,100,200,50,101
"699",11,127,0.9998231,1.0000354,0.9996816,1.0001061,292,100,158,50,101
"700",11,128,0.9998231,1.0000354,0.9996816,1.0001061,292,100,150,50,101
"701",11,129,0.99989384,1.0000354,0.9998231,1.0001769,403,100,200,50,101
"702",11,130,1.0000354,1.0005307,0.9999646,1.0006014,253,300,150,350,101
"703",11,131,1.0001061,1.0003892,1.0000354,1.0004599,203,245,200,50,101
"704",11,132,1.0001061,1.0003892,1.0000354,1.0004599,203,50,200,50,101
"705",11,133,1.0001769,1.0006014,1.0001061,1.0006722,442,150,150,600,101
"706",11,134,1.0001769,1.0005307,1.0001061,1.0006014,242,50,150,150,101
"707",11,135,1.0003184,1.0006722,1.0001769,1.0007429,292,50,50,50,101
"708",11,136,1.0003892,1.0008137,1.0003184,1.0008845,92,550,250,150,101
"709",11,137,1.0003184,1.0006722,1.0001769,1.0007429,192,650,250,286,101
"710",11,138,1.0003184,1.0007429,1.0002476,1.0008137,243,136,50,550,101
"711",11,139,1.0003892,1.0007429,1.0003184,1.0008137,242,136,150,550,101
"712",11,140,1.0003892,1.0007429,1.0003184,1.0008137,192,136,150,550,101
"713",11,141,1.0003892,1.0007429,1.0003184,1.0008137,343,136,150,550,101
"714",11,142,1.0003892,1.0007429,1.0003184,1.0008137,343,236,150,550,101
"715",11,143,1.0003892,1.0007429,1.0003184,1.0009552,343,136,150,50,101
"716",11,144,1.0003892,1.0007429,1.0003184,1.0008137,343,136,150,50,101
"717",11,145,1.0003892,1.0007429,1.0003184,1.0008845,293,386,150,500,101
"718",11,146,1.0001769,1.0005307,1.0001061,1.0006014,250,86,100,50,101
"719",11,147,1.0002476,1.0006722,1.0001769,1.0007429,150,150,100,350,101
"720",11,148,1.0001769,1.0006722,1.0001061,1.0007429,100,50,250,350,101
"721",11,149,1.0001769,1.0006722,1.0001061,1.0007429,100,250,250,250,101
"722",11,150,1.0001769,1.0006722,1.0001061,1.0007429,100,250,250,250,101
"723",11,153,1.0001769,1.0006722,1.0001061,1.0007429,50,250,250,250,101
"724",11,154,1.0002476,1.0006722,1.0001769,1.0007429,50,250,50,250,101
"725",11,155,1.0001769,1.0006722,1.0001061,1.0007429,100,250,250,250,101
"726",11,157,1.0001769,1.0006722,1.0001061,1.0007429,100,445,250,250,101
"727",11,158,1.0001769,1.0006722,1.0001061,1.0007429,50,645,200,450,101
"728",11,159,1.0001769,1.0006722,1.0001061,1.0007429,50,1045,200,250,101
"729",11,163,1.0001769,1.0006722,1.0001061,1.0007429,200,945,150,250,101
"730",11,164,1.0000354,1.0003184,0.99989384,1.0003892,200,50,150,50,101
"731",11,165,0.99989384,1.0002476,0.9998231,1.0003184,200,2,126,250,101
"732",11,166,0.99989384,1.0002476,0.9998231,1.0003184,200,2,126,250,101
"733",11,167,0.9999646,1.0002476,0.99989384,1.0003184,300,2,100,250,101
"734",11,168,0.9999646,1.0002476,0.99989384,1.0003184,100,2,100,250,101
"735",11,169,0.9999646,1.0002476,0.99989384,1.0003184,100,202,100,150,101
"736",11,170,1.0000354,1.0002476,0.9999646,1.0003184,100,202,100,150,101
"737",11,175,0.99961084,1.0000354,0.9994693,1.0001061,50,50,89,50,101
"738",11,176,0.9995401,1.0000354,0.9994693,1.0001061,50,250,89,50,101
"739",11,177,0.99961084,1.0000354,0.9995401,1.0001061,200,250,150,50,101
"740",11,178,0.9996816,0.9999646,0.99961084,1.0000354,50,2,250,250,101
"741",11,179,0.99961084,0.9999646,0.9995401,1.0000354,250,202,150,150,101
"742",11,182,0.9996816,0.9999646,0.99961084,1.0000354,50,200,250,150,101
"743",11,185,0.99961084,0.9999646,0.9995401,1.0000354,250,200,150,150,101
"744",11,187,0.99975234,0.9999646,0.9996816,1.0000354,91,200,50,150,101
"745",11,188,0.99975234,0.9999646,0.99961084,1.0000354,91,200,250,150,101
"746",11,191,0.9998231,0.9999646,0.99961084,1.0000354,191,93,250,100,101
"747",11,192,0.9998231,1.0000354,0.99961084,1.0001061,191,150,200,50,101
"748",11,194,0.9998231,1.0000354,0.99961084,1.0001061,191,100,250,50,101
"749",11,195,0.9998231,1.0000354,0.99961084,1.0001061,191,150,200,50,101
"750",11,201,1.0000354,1.0003892,0.99989384,1.0004599,91,100,250,50,101
"751",11,202,0.99989384,1.0003892,0.9998231,1.0004599,241,350,150,50,101
"752",11,203,0.99989384,1.0003184,0.9998231,1.0003892,241,50,150,350,101
"753",11,204,0.99989384,1.0003892,0.9998231,1.0004599,241,350,150,50,101
"754",11,205,0.9999646,1.0003892,0.99989384,1.0004599,11,300,241,50,101
"755",11,206,0.9999646,1.0003892,0.99989384,1.0004599,102,350,150,50,101
"756",11,207,1.0000354,1.0003892,0.9999646,1.0004599,141,300,61,50,101
"757",11,209,1.0001061,1.0003892,1.0000354,1.0005307,291,124,50,50,101
"758",11,210,1.0001769,1.0006722,1.0001061,1.0007429,241,345,150,50,101
"759",11,211,1.0006722,1.0010967,1.0006014,1.0011675,141,400,150,50,101
"760",11,212,1.0006722,1.0010967,1.0006014,1.0011675,91,450,150,50,101
"761",11,213,1.0007429,1.0010967,1.0006722,1.0011675,91,400,150,50,101
"762",11,215,1.0006722,1.0009552,1.0006014,1.001026,191,200,200,200,101
"763",11,216,1.0006722,1.0009552,1.0006014,1.001026,191,201,100,200,101
"764",11,217,1.0006722,1.0010967,1.0006014,1.0011675,200,250,50,50,101
"765",11,220,1.0007429,1.0011675,1.0006722,1.0012382,150,50,100,250,101
"766",11,221,1.0007429,1.0011675,1.0006722,1.0012382,100,86,150,50,101
"767",11,222,1.0006722,1.0011675,1.0006014,1.0012382,150,86,50,50,101
"768",11,226,1.0006722,1.0011675,1.0006014,1.0012382,150,36,50,50,101
"769",11,227,1.0006722,1.0011675,1.0006014,1.0012382,150,36,50,50,101
"770",11,228,1.0008137,1.0011675,1.0007429,1.0012382,50,36,50,50,101
"771",11,229,1.0008137,1.001309,1.0007429,1.0013798,250,36,50,50,101
"772",11,230,1.0008137,1.001309,1.0007429,1.0013798,250,36,50,50,101
"773",11,231,1.0008137,1.001309,1.0007429,1.0013798,150,250,50,86,101
"774",11,233,1.001026,1.001309,1.0008137,1.0013798,1,250,150,50,101
"775",11,236,1.001026,1.001309,1.0008137,1.0013798,1,250,150,50,101
"776",11,240,1.001026,1.001309,1.0008137,1.0013798,1,250,150,50,101
"777",11,241,1.001026,1.001309,1.0009552,1.0014505,1,200,50,250,101
"778",11,244,1.001026,1.001309,1.0009552,1.0014505,1,200,50,250,101
"779",11,246,1.001026,1.001309,1.0009552,1.0014505,1,300,50,250,101
"780",11,247,1.001026,1.001309,1.0009552,1.0014505,88,100,50,250,101
"781",11,248,1.001026,1.001309,1.0009552,1.0014505,88,100,50,200,101
"782",11,249,1.0012382,1.0015213,1.0011675,1.0016629,199,100,150,250,101
"783",11,250,1.0012382,1.0015213,1.0011675,1.0016629,199,100,150,50,101
"784",11,251,1.001309,1.0015213,1.0010967,1.001592,287,100,50,50,101
"785",11,252,1.0013798,1.0018044,1.001309,1.0018752,99,250,250,250,101
"786",11,253,1.0013798,1.0018044,1.001309,1.0018752,499,250,150,250,101
"787",11,254,1.0015213,1.0019459,1.0014505,1.0020167,238,50,50,250,101
"788",11,255,1.0016629,1.0020167,1.001592,1.0021582,187,250,1,350,101
"789",11,256,1.0019459,1.0022289,1.0017335,1.0022997,88,50,50,150,101
"790",11,257,1.0020167,1.002512,1.0018044,1.0025827,50,250,150,50,101
"791",11,258,1.0019459,1.0024412,1.0018044,1.002512,50,200,150,150,101
"792",11,259,1.0019459,1.0023705,1.0018752,1.002512,50,100,150,50,101
"793",11,260,1.0020874,1.0025827,1.0020167,1.0026535,250,150,50,250,101
"794",11,261,1.0020874,1.0025827,1.0020167,1.0026535,250,100,50,250,101
"795",11,262,1.0020874,1.0025827,1.0020167,1.0026535,150,300,50,250,101
"796",11,263,1.0020874,1.0024412,1.0020167,1.0025827,150,200,50,200,101
"797",11,264,1.0020167,1.002512,1.0019459,1.0025827,50,350,50,350,101
"798",11,265,1.0020874,1.002512,1.0019459,1.0025827,200,450,50,250,101
"799",11,266,1.0021582,1.0023705,1.0020874,1.0024412,100,350,100,350,101
"800",11,267,1.0021582,1.0024412,1.0018752,1.002512,200,100,50,50,101
"801",11,268,1.0021582,1.0023705,1.0018752,1.0024412,100,150,50,150,101
"802",11,269,1.0021582,1.0024412,1.0019459,1.002512,100,100,50,50,101
"803",11,270,1.0021582,1.0024412,1.0019459,1.002512,100,100,150,50,101
"804",11,271,1.0021582,1.0024412,1.0019459,1.002512,100,100,150,50,101
"805",11,272,1.0019459,1.0023705,1.0018044,1.0024412,200,350,50,300,101
"806",11,273,1.0019459,1.0023705,1.0018752,1.0024412,200,150,100,350,101
"807",11,274,1.0019459,1.0023705,1.0018044,1.0024412,200,50,50,350,101
"808",11,275,1.0020167,1.0023705,1.0019459,1.0024412,100,250,200,350,101
"809",11,276,1.0020167,1.0024412,1.0019459,1.002512,100,450,200,250,101
"810",11,277,1.0020167,1.0023705,1.0019459,1.0024412,100,50,200,350,101
"811",11,278,1.0020167,1.0023705,1.0019459,1.0024412,100,150,200,350,101
"812",11,280,1.0020167,1.0023705,1.0019459,1.0024412,100,150,200,150,101
"813",11,281,1.0020167,1.0023705,1.0019459,1.0024412,100,150,200,150,101
"814",11,285,1.0020167,1.0023705,1.0019459,1.0024412,100,100,250,150,101
"815",11,286,1.0020167,1.0023705,1.0019459,1.0024412,200,100,250,100,101
"816",11,287,1.0023705,1.0029365,1.0022997,1.003078,150,50,150,50,101
"817",11,288,1.0022997,1.0028658,1.0022289,1.0029365,100,50,50,250,101
"818",11,289,1.0023705,1.0028658,1.0022997,1.0029365,50,150,150,50,101
"819",11,290,1.0023705,1.0028658,1.0022997,1.0029365,50,150,150,250,101
"820",11,291,1.0022997,1.0028658,1.0022289,1.0029365,300,150,50,250,101
"821",11,292,1.0022997,1.0028658,1.0022289,1.0029365,300,50,50,250,101
"822",11,293,1.0023705,1.002795,1.0022997,1.0028658,150,236,350,250,101
"823",11,294,1.002512,1.0030073,1.0024412,1.003078,50,50,150,50,101
"824",11,295,1.002512,1.003078,1.0024412,1.0031488,50,50,150,300,101
"825",11,296,1.002512,1.0030073,1.0024412,1.003078,50,50,150,50,101
"826",11,298,1.0024412,1.0030073,1.0023705,1.003078,150,50,50,50,101
"827",11,299,1.0024412,1.0030073,1.0023705,1.003078,50,50,50,50,101
"828",11,300,1.0024412,1.0030073,1.0023705,1.003078,50,50,50,50,101
"829",11,302,1.0023705,1.0030073,1.0022997,1.003078,50,250,350,250,101
"830",11,304,1.0023705,1.0028658,1.0022997,1.0029365,50,150,350,50,101
"831",11,305,1.0023705,1.0030073,1.0022997,1.003078,50,250,350,250,101
"832",11,306,1.0024412,1.0028658,1.0023705,1.0030073,50,100,50,250,101
"833",11,307,1.0025827,1.0028658,1.0024412,1.0030073,90,100,50,250,101
"834",11,308,1.0025827,1.0028658,1.0022997,1.0029365,90,350,350,50,101
"835",11,309,1.0025827,1.0028658,1.0022997,1.0029365,90,350,350,50,101
"836",11,310,1.0025827,1.0028658,1.0023705,1.0029365,90,350,50,50,101
"837",11,311,1.0022997,1.0028658,1.0022289,1.0029365,300,350,50,50,101
"838",11,312,1.0023705,1.002795,1.0022997,1.0028658,150,48,350,350,101
"839",11,313,1.0023705,1.002795,1.0022997,1.0028658,250,48,250,150,101
"840",11,314,1.0023705,1.002795,1.0022997,1.0028658,150,48,250,150,101
"841",11,315,1.0023705,1.002795,1.0022997,1.0028658,50,48,350,150,101
"842",11,316,1.0022997,1.002795,1.0022289,1.0028658,350,48,50,150,101
"843",11,317,1.0020874,1.002512,1.0020167,1.0025827,200,50,228,50,101
"844",11,318,1.0020874,1.0025827,1.0020167,1.0026535,200,51,278,50,101
"845",11,319,1.0020874,1.0024412,1.0020167,1.0025827,150,2,152,50,101
"846",11,320,1.0022289,1.002512,1.0020874,1.0025827,100,2,100,50,101
"847",11,321,1.0022289,1.0023705,1.0020874,1.002512,100,2,100,52,101
"848",11,322,1.0020874,1.0023705,1.0020167,1.0024412,174,82,100,50,101
"849",11,323,1.0020167,1.0023705,1.0019459,1.002512,100,32,100,52,101
"850",11,324,1.0020167,1.0023705,1.0019459,1.002512,100,32,150,52,101
"851",11,325,1.0022289,1.002512,1.0020874,1.0025827,100,2,50,50,101
"852",11,326,1.0020167,1.002512,1.0019459,1.0025827,100,52,150,50,101
"853",11,327,1.0020167,1.002512,1.0019459,1.0025827,100,52,150,50,101
"854",11,328,1.0020167,1.002512,1.0019459,1.0025827,100,52,150,50,101
"855",11,332,1.0020167,1.0023705,1.0019459,1.0024412,100,50,100,50,101
"856",11,334,1.0020167,1.0023705,1.0019459,1.0024412,100,50,100,250,101
"857",11,335,1.0018044,1.0022289,1.0017335,1.0022997,100,250,101,250,101
"858",11,336,1.0018044,1.0022289,1.0017335,1.0022997,100,250,101,250,101
"859",11,337,1.0017335,1.0022289,1.0016629,1.0022997,101,250,100,250,101
"860",11,338,1.0017335,1.0020874,1.0016629,1.0021582,101,250,100,150,101
"861",11,339,1.0017335,1.0020874,1.0016629,1.0021582,102,250,100,50,101
"862",11,340,1.0017335,1.0022289,1.0016629,1.0022997,102,250,150,250,101
"863",11,341,1.0018044,1.0022289,1.0017335,1.0022997,151,200,151,250,101
"864",11,342,1.0018752,1.0023705,1.0018044,1.0024412,1,320,50,250,101
"865",11,344,1.0018752,1.0022997,1.0018044,1.0023705,1,50,50,320,101
"866",11,345,1.0018752,1.0021582,1.0018044,1.0022289,1,1,50,50,101
"867",11,346,1.0018752,1.0021582,1.0017335,1.0022289,1,1,201,50,101
"868",11,347,1.0018752,1.0021582,1.0017335,1.0022289,1,101,201,50,101
"869",11,349,1.0017335,1.0019459,1.0016629,1.0020874,201,1,200,100,101
"870",11,350,1.0017335,1.0019459,1.0016629,1.0020874,201,1,200,150,101
"871",11,351,1.0017335,1.0019459,1.0016629,1.0020874,201,1,200,150,101
"872",11,352,1.0017335,1.0019459,1.0016629,1.0020874,201,1,200,150,101
"873",11,353,1.0017335,1.0020874,1.0016629,1.0021582,201,100,250,100,101
"874",11,356,1.0017335,1.0020874,1.0016629,1.0021582,201,100,200,150,101
"875",11,362,1.0019459,1.0023705,1.0018752,1.002512,50,35,150,52,101
"876",11,363,1.0020874,1.002512,1.0020167,1.0025827,50,2,50,50,101
"877",11,364,1.0021582,1.002512,1.0020874,1.0026535,200,2,150,50,101
"878",11,365,1.0021582,1.002512,1.0020874,1.0026535,100,2,50,50,101
"879",11,366,1.0021582,1.002512,1.0020874,1.0025827,100,2,50,250,101
"880",11,367,1.0021582,1.002512,1.0020874,1.0025827,184,2,50,250,101
"881",11,368,1.0022289,1.002512,1.0021582,1.0026535,184,2,100,50,101
"882",11,370,1.0022289,1.002512,1.0021582,1.0026535,84,2,100,50,101
"883",11,371,1.0023705,1.002795,1.0022289,1.0028658,84,398,50,200,101
"884",11,372,1.002512,1.002795,1.0024412,1.0028658,84,348,100,200,101
"885",11,373,1.0025827,1.0030073,1.002512,1.003078,234,200,50,200,101
"886",11,374,1.0025827,1.0030073,1.002512,1.003078,184,200,50,200,101
"887",11,375,1.0025827,1.0030073,1.002512,1.003078,184,200,50,200,101
"888",11,376,1.0025827,1.0030073,1.002512,1.003078,234,200,50,200,101
"889",11,377,1.0025827,1.0030073,1.002512,1.003078,234,100,50,200,101
"890",11,378,1.0025827,1.0030073,1.002512,1.003078,184,100,50,200,101
"891",11,379,1.0025827,1.0030073,1.0023705,1.003078,184,100,150,250,101
"892",11,380,1.0025827,1.0030073,1.002512,1.003078,184,100,50,250,101
"893",11,381,1.0027242,1.0030073,1.0025827,1.003078,84,100,150,200,101
"894",11,382,1.0027242,1.0030073,1.0025827,1.003078,84,100,150,200,101
"895",11,383,1.0027242,1.0030073,1.0025827,1.0031488,84,100,150,50,101
"896",11,386,1.0025827,1.0030073,1.002512,1.003078,234,100,50,200,101
"897",11,388,1.0025827,1.0030073,1.002512,1.0031488,234,100,50,50,101
"898",11,391,1.002795,1.0030073,1.0025827,1.0031488,84,100,150,50,101
"899",11,392,1.002795,1.0032903,1.0027242,1.0033611,84,200,50,250,101
"900",11,393,1.002795,1.0033611,1.0027242,1.0034318,84,50,50,350,101
"901",11,394,1.0029365,1.0034318,1.0028658,1.0035026,89,150,150,200,101
"902",11,395,1.0029365,1.0032903,1.0028658,1.0033611,89,3,100,250,101
"903",11,396,1.003078,1.0032903,1.0030073,1.0033611,184,3,50,100,101
"904",11,397,1.003078,1.0032903,1.0029365,1.0033611,184,303,255,200,101
"905",11,398,1.0030073,1.0032903,1.0029365,1.0033611,184,303,5,200,101
"906",11,402,1.003078,1.0033611,1.0030073,1.0034318,189,209,100,200,101
"907",11,403,1.003078,1.0033611,1.0030073,1.0034318,189,9,150,200,101
"908",11,404,1.003078,1.0032903,1.0030073,1.0033611,5,200,184,309,101
"909",11,405,1.003078,1.0033611,1.0030073,1.0034318,5,9,184,200,101
"910",11,406,1.003078,1.0032903,1.0030073,1.0033611,5,200,184,309,101
"911",11,407,1.003078,1.0033611,1.0030073,1.0035026,5,9,100,450,101
"912",11,410,1.003078,1.0033611,1.0030073,1.0035026,5,9,150,400,101
"913",11,411,1.003078,1.0033611,1.0030073,1.0035026,5,9,100,450,101
"914",11,412,1.003078,1.0033611,1.0030073,1.0035026,5,9,150,400,101
"915",11,415,1.003078,1.0033611,1.0030073,1.0035026,5,9,150,400,101
"916",11,416,1.0028658,1.0032195,1.0027242,1.0033611,100,400,150,50,101
"917",11,417,1.0028658,1.0032903,1.0027242,1.0033611,100,200,150,250,101
"918",11,420,1.0028658,1.0032903,1.0027242,1.0033611,100,201,150,250,101
"919",11,421,1.0027242,1.0032195,1.0026535,1.0032903,350,50,50,301,101
"920",11,422,1.0027242,1.0032195,1.0026535,1.0032903,150,1,50,300,101
"921",11,423,1.0027242,1.0032195,1.0026535,1.0032903,150,151,50,350,101
"922",11,424,1.0027242,1.0032195,1.0026535,1.0032903,251,101,50,300,101
"923",11,425,1.0027242,1.0032195,1.0026535,1.0032903,151,101,50,300,101
"924",11,427,1.0027242,1.0032195,1.0026535,1.0032903,247,101,50,300,101
"925",11,429,1.0027242,1.0032195,1.0026535,1.0032903,347,121,50,380,101
"926",11,430,1.0027242,1.0031488,1.0026535,1.0032195,246,436,50,171,101
"927",11,431,1.0027242,1.0031488,1.0026535,1.0032195,246,437,50,170,101
"928",11,432,1.0027242,1.0031488,1.0026535,1.0032195,246,437,50,170,101
"929",11,433,1.0027242,1.0031488,1.0026535,1.0032195,246,437,50,170,101
"930",11,434,1.0027242,1.0031488,1.0026535,1.0032195,246,437,50,170,101
"931",11,435,1.0027242,1.0031488,1.0025827,1.0032195,197,487,150,170,101
"932",11,436,1.0027242,1.0031488,1.0025827,1.0032195,197,437,150,170,101
"933",11,438,1.0027242,1.0031488,1.0026535,1.0032195,197,437,50,170,101
"934",11,439,1.0027242,1.0031488,1.0026535,1.0032195,197,437,50,170,101
"935",11,440,1.0027242,1.0031488,1.0026535,1.0032195,247,37,50,120,101
"936",11,441,1.0028658,1.0031488,1.0027242,1.0032195,97,1,250,100,101
"937",11,442,1.0028658,1.0032195,1.002795,1.0032903,147,101,50,100,101
"938",11,444,1.002795,1.0031488,1.0027242,1.0032195,97,200,150,301,101
"939",11,445,1.002795,1.0031488,1.0027242,1.0032195,97,201,100,350,101
"940",11,446,1.002795,1.0030073,1.0027242,1.003078,197,201,100,200,101
"941",11,448,1.002795,1.0030073,1.0027242,1.003078,197,301,100,200,101
"942",11,449,1.0025827,1.0030073,1.0024412,1.003078,100,451,200,250,101
"943",11,450,1.0025827,1.0030073,1.0024412,1.003078,100,351,250,250,101
"944",11,452,1.0025827,1.0030073,1.0024412,1.003078,100,351,100,250,101
"945",11,453,1.0025827,1.0030073,1.0024412,1.003078,100,351,100,250,101
"946",11,455,1.0025827,1.0030073,1.002512,1.003078,100,301,150,250,101
"947",11,456,1.0025827,1.0030073,1.002512,1.003078,100,301,50,250,101
"948",11,457,1.0025827,1.0030073,1.002512,1.003078,150,301,50,250,101
"949",11,458,1.0025827,1.0030073,1.002512,1.003078,100,451,50,250,101
"950",11,459,1.0025827,1.0030073,1.002512,1.003078,150,301,150,250,101
"951",11,460,1.0028658,1.0032195,1.002795,1.0032903,250,100,350,100,101
"952",11,462,1.0028658,1.0032195,1.002795,1.0032903,250,100,350,100,101
"953",11,463,1.0032195,1.0036441,1.0031488,1.0037148,50,176,50,400,101
"954",11,464,1.0031488,1.0036441,1.003078,1.0037148,250,176,150,450,101
"955",11,465,1.0031488,1.0036441,1.003078,1.0037148,150,386,150,250,101
"956",11,466,1.0031488,1.0036441,1.003078,1.0037148,100,686,150,250,101
"957",11,467,1.0031488,1.0036441,1.003078,1.0037148,150,386,150,250,101
"958",11,468,1.0031488,1.0036441,1.003078,1.0037148,150,136,250,250,101
"959",11,469,1.0031488,1.0036441,1.003078,1.0037148,150,186,250,250,101
"960",11,470,1.0031488,1.0036441,1.003078,1.0037148,150,386,150,250,101
"961",11,471,1.0031488,1.0036441,1.003078,1.0037148,150,336,150,250,101
"962",11,473,1.0031488,1.0036441,1.003078,1.0037148,100,386,100,250,101
"963",11,474,1.0031488,1.0035026,1.003078,1.0035733,100,350,100,300,101
"964",11,475,1.0031488,1.0035026,1.003078,1.0035733,100,350,100,350,101
"965",11,481,1.0031488,1.0034318,1.003078,1.0035026,100,100,100,350,101
"966",11,482,1.003078,1.0034318,1.0030073,1.0035026,100,100,50,350,101
"967",11,483,1.003078,1.0034318,1.0028658,1.0035026,100,100,250,350,101
"968",11,484,1.003078,1.0034318,1.0028658,1.0035026,100,100,250,350,101
"969",11,485,1.003078,1.0034318,1.0028658,1.0035026,100,150,250,350,101
"970",11,486,1.003078,1.0034318,1.0028658,1.0035026,100,100,250,350,101
"971",11,487,1.0029365,1.0032903,1.0028658,1.0033611,100,250,100,450,101
"972",11,489,1.0028658,1.0032195,1.002795,1.0032903,100,150,100,490,101
"973",11,490,1.0028658,1.0031488,1.002795,1.0032195,100,150,100,150,101
"974",11,491,1.0028658,1.0031488,1.002795,1.0032195,100,350,100,350,101
"975",11,492,1.0025827,1.0031488,1.002512,1.0032195,152,200,150,350,101
"976",11,493,1.0025827,1.0031488,1.002512,1.0032195,152,200,150,300,101
"977",11,494,1.0026535,1.0031488,1.0025827,1.0032195,100,250,150,450,101
"978",11,495,1.0026535,1.0031488,1.0025827,1.0032195,100,250,100,450,101
"979",11,496,1.0022997,1.0028658,1.0022289,1.0029365,200,50,150,250,101
"980",11,497,1.0022997,1.0027242,1.0022289,1.0028658,200,100,150,50,101
"981",11,499,1.0022997,1.0027242,1.0022289,1.0028658,200,100,150,50,101
"982",11,501,1.0022997,1.0027242,1.0022289,1.0028658,100,100,100,50,101
"983",11,502,1.0022997,1.0026535,1.0022289,1.0027242,100,3,100,150,101
"984",11,503,1.0022289,1.0026535,1.0021582,1.0027242,50,3,150,102,101
"985",11,504,1.0021582,1.0026535,1.0020874,1.0027242,150,3,5,152,101
"986",11,505,1.0021582,1.0026535,1.0020874,1.0027242,200,3,155,152,101
"987",11,506,1.0022289,1.0026535,1.0021582,1.0027242,50,3,250,102,101
"988",11,507,1.0022289,1.0026535,1.0021582,1.0027242,50,3,250,102,101
"989",11,508,1.0022289,1.0026535,1.0021582,1.0027242,50,3,250,102,101
"990",11,509,1.0021582,1.0026535,1.0020874,1.0027242,250,3,155,152,101
"991",11,510,1.0022289,1.0026535,1.0021582,1.0027242,50,3,250,102,101
"992",11,511,1.0021582,1.0026535,1.0020874,1.0027242,250,3,155,152,101
"993",11,512,1.0020874,1.0026535,1.0020167,1.0027242,155,53,155,352,101
"994",11,513,1.0021582,1.0026535,1.0020874,1.0027242,50,13,155,352,101
"995",11,514,1.0021582,1.0026535,1.0020874,1.0027242,150,13,255,152,101
"996",11,515,1.0022289,1.0026535,1.0021582,1.0027242,150,13,150,102,101
"997",11,516,1.0026535,1.0031488,1.0025827,1.0032195,100,250,50,250,101
"998",11,517,1.0025827,1.0031488,1.002512,1.0032195,150,250,150,250,101
"999",11,518,1.0027242,1.0031488,1.0026535,1.0032195,100,250,200,250,101
"1000",11,522,1.0027242,1.0031488,1.0026535,1.0032195,100,351,200,250,101
"1001",11,524,1.0025827,1.003078,1.002512,1.0031488,150,201,150,250,101
"1002",11,525,1.0025827,1.003078,1.002512,1.0031488,150,1,150,200,101
"1003",11,526,1.0025827,1.0031488,1.002512,1.0032195,150,350,150,250,101
"1004",11,527,1.0025827,1.003078,1.002512,1.0031488,150,200,150,250,101
"1005",11,528,1.0025827,1.0029365,1.002512,1.0030073,50,200,50,200,101
"1006",11,529,1.0027242,1.0031488,1.0026535,1.0032903,51,400,150,89,101
"1007",11,530,1.0027242,1.0031488,1.0026535,1.0032195,1,500,50,50,101
"1008",11,531,1.0027242,1.0031488,1.0026535,1.0032195,1,500,50,150,101
"1009",11,532,1.0027242,1.0031488,1.0026535,1.0032903,51,500,150,39,101
"1010",11,534,1.0027242,1.0031488,1.0026535,1.0032195,1,300,150,200,101
"1011",11,535,1.0027242,1.0031488,1.0026535,1.0032195,51,300,150,200,101
"1012",11,536,1.002795,1.0031488,1.0027242,1.0032195,1,300,151,200,101
"1013",11,537,1.002795,1.0031488,1.0027242,1.0032195,1,398,150,200,101
"1014",11,538,1.002795,1.0031488,1.0027242,1.0032195,1,398,150,200,101
"1015",11,539,1.0027242,1.003078,1.0026535,1.0031488,51,300,150,398,101
"1016",11,540,1.002795,1.0031488,1.0027242,1.0032195,101,198,50,200,101
"1017",11,541,1.002795,1.0031488,1.0027242,1.0032195,101,198,150,200,101
"1018",11,542,1.002795,1.0031488,1.0027242,1.0032195,101,198,150,250,101
"1019",11,543,1.0027242,1.0031488,1.0026535,1.0032195,201,50,100,650,101
"1020",11,544,1.0027242,1.0031488,1.0026535,1.0032195,201,50,100,650,101
"1021",11,545,1.0027242,1.0032195,1.0026535,1.0032903,251,600,150,239,101
"1022",11,546,1.002795,1.0032195,1.0027242,1.0032903,101,400,250,239,101
"1023",11,547,1.002795,1.0032195,1.0027242,1.0032903,182,400,250,239,101
"1024",11,548,1.002795,1.0032195,1.0027242,1.0032903,82,450,250,289,101
"1025",11,549,1.0025827,1.003078,1.002512,1.0032195,150,150,150,490,101
"1026",11,550,1.0025827,1.003078,1.002512,1.0031488,150,400,150,50,101
"1027",11,551,1.0025827,1.0030073,1.002512,1.003078,100,550,100,250,101
"1028",11,552,1.0025827,1.0030073,1.002512,1.003078,100,250,150,250,101
"1029",11,554,1.0025827,1.0030073,1.002512,1.003078,150,200,150,200,101
"1030",11,555,1.0025827,1.0030073,1.002512,1.003078,100,200,150,200,101
"1031",11,556,1.0025827,1.0030073,1.002512,1.003078,150,200,150,200,101
"1032",11,557,1.0024412,1.0029365,1.0023705,1.0030073,50,200,100,250,101
"1033",11,558,1.002512,1.0029365,1.0024412,1.0030073,150,200,150,200,101
"1034",11,562,1.002512,1.0029365,1.0024412,1.0030073,150,200,150,200,101
"1035",11,563,1.0023705,1.0028658,1.0022997,1.0029365,50,300,250,197,101
"1036",11,564,1.0023705,1.0028658,1.0022997,1.0029365,150,300,250,197,101
"1037",11,565,1.0023705,1.0028658,1.0022997,1.0029365,150,200,250,197,101
"1038",11,566,1.002512,1.0028658,1.0024412,1.0029365,50,200,150,197,101
"1039",11,567,1.0025827,1.0029365,1.002512,1.0031488,150,113,150,200,101
"1040",11,568,1.0025827,1.0031488,1.002512,1.0032195,150,200,150,250,101
"1041",11,569,1.0025827,1.0031488,1.002512,1.0032195,150,200,150,250,101
"1042",11,570,1.0025827,1.0031488,1.002512,1.0032195,150,200,150,250,101
"1043",11,571,1.0026535,1.0031488,1.0025827,1.0032195,150,200,250,250,101
"1044",11,572,1.0025827,1.0030073,1.002512,1.003078,250,200,150,300,101
"1045",11,573,1.0025827,1.0030073,1.002512,1.003078,250,200,150,200,101
"1046",11,575,1.0026535,1.0030073,1.0025827,1.003078,100,200,250,200,101
"1047",11,577,1.0026535,1.0030073,1.0025827,1.003078,100,300,250,200,101
"1048",11,584,1.0023705,1.0027242,1.0022289,1.002795,100,221,50,50,101
"1049",11,585,1.0022289,1.0027242,1.0021582,1.0028658,50,221,152,250,101
"1050",11,586,1.0022997,1.0027242,1.0022289,1.002795,100,221,50,50,101
"1051",11,587,1.0024412,1.0027242,1.0022997,1.0028658,50,221,100,200,101
"1052",11,588,1.0022997,1.0027242,1.0022289,1.002795,100,221,50,50,101
"1053",11,589,1.0023705,1.0027242,1.0022997,1.0028658,50,221,150,200,101
"1054",11,591,1.0022997,1.0027242,1.0022289,1.0028658,100,200,50,250,101
"1055",11,592,1.0023705,1.0027242,1.0022997,1.002795,50,200,150,200,101
"1056",11,593,1.0020167,1.0025827,1.0018752,1.0026535,55,52,51,250,101
"1057",11,594,1.0020874,1.0025827,1.0020167,1.0026535,50,2,155,50,101
"1058",11,595,1.0020167,1.002512,1.0018752,1.0025827,55,300,51,52,101
"1059",11,596,1.0020167,1.002512,1.0018752,1.0025827,55,300,51,52,101
"1060",11,597,1.0020167,1.002512,1.0018752,1.0025827,55,300,51,52,101
"1061",11,598,1.0020167,1.002512,1.0018752,1.0025827,55,300,51,52,101
"1062",11,599,1.0020167,1.002512,1.0018752,1.0025827,55,300,51,52,101
"1063",16,0,1.0003214,1.0005356,1.0002142,1.0006427,225,111,1,11,101
"1064",16,1,1.0003214,1.0005356,1.0002142,1.0006427,225,100,1,11,101
"1065",16,2,1.0004284,1.0005356,1.0003214,1.0006427,11,100,125,11,101
"1066",16,3,1.0003214,1.0005356,1.0002142,1.0006427,125,3,1,225,101
"1067",16,4,1.0003214,1.0005356,1.0002142,1.0006427,125,61,1,361,101
"1068",16,6,1.0003214,1.0005356,1.0002142,1.0006427,125,61,1,261,101
"1069",16,7,1.0001072,1.0003214,1,1.0004284,111,125,136,100,101
"1070",16,8,1.0003214,1.0004284,1.0002142,1.0005356,125,100,211,61,101
"1071",16,10,1.0005356,1.0006427,1.0004284,1.0007498,225,11,200,11,101
"1072",16,11,1.0005356,1.0007498,1.0004284,1.0008569,225,11,200,125,101
"1073",16,12,1.0005356,1.0007498,1.0004284,1.0008569,298,102,100,125,101
"1074",16,13,1.0005356,1.0007498,1.0004284,1.0008569,225,2,100,125,101
"1075",16,16,1.0005356,1.0007498,1.0004284,1.0008569,225,101,100,125,101
"1076",16,18,1.0006427,1.0008569,1.0005356,1.000964,9,125,225,11,101
"1077",16,19,1.0006427,1.0008569,1.0005356,1.000964,6,125,225,11,101
"1078",16,21,1.0005356,1.0008569,1.0004284,1.000964,225,125,100,11,101
"1079",16,22,1.0006427,1.0008569,1.0005356,1.000964,10,125,225,11,101
"1080",16,26,1.0007498,1.000964,1.0006427,1.0010711,100,11,10,125,101
"1081",16,27,1.0007498,1.000964,1.0006427,1.0010711,11,11,10,125,101
"1082",16,28,1.0007498,1.0008569,1.0006427,1.000964,100,125,10,11,101
"1083",16,37,1.0008569,1.000964,1.0007498,1.0010711,225,11,100,125,101
"1084",16,38,1.0008569,1.000964,1.0007498,1.0010711,325,11,100,125,101
"1085",16,39,1.0008569,1.0010711,1.0007498,1.0011783,325,125,100,11,101
"1086",16,40,1.000964,1.0010711,1.0008569,1.0011783,100,11,325,11,101
"1087",16,41,1.0008569,1.000964,1.0007498,1.0010711,300,50,11,61,101
"1088",16,42,1.0008569,1.000964,1.0007498,1.0010711,300,11,11,61,101
"1089",16,43,1.0006427,1.0008569,1.0005356,1.000964,10,11,125,100,101
"1090",16,44,1.0005356,1.0007498,1.0004284,1.0008569,104,125,11,11,101
"1091",16,46,1.0005356,1.0007498,1.0004284,1.0008569,4,111,11,11,101
"1092",16,47,1.0006427,1.0008569,1.0005356,1.000964,225,11,4,200,101
"1093",16,48,1.0006427,1.0008569,1.0005356,1.000964,125,11,4,100,101
"1094",16,49,1.0006427,1.0008569,1.0005356,1.000964,125,105,4,100,101
"1095",16,50,1.0006427,1.0008569,1.0005356,1.000964,125,5,4,100,101
"1096",16,54,1.0006427,1.0008569,1.0005356,1.000964,125,25,4,100,101
"1097",16,57,1.0008569,1.0010711,1.0007498,1.0011783,225,11,255,11,101
"1098",16,58,1.0008569,1.0010711,1.0007498,1.0011783,225,11,155,11,101
"1099",16,59,1.0008569,1.0010711,1.0007498,1.0011783,225,53,155,11,101
"1100",16,63,1.0006427,1.0008569,1.0005356,1.000964,125,267,4,161,101
"1101",16,64,1.0004284,1.0007498,1.0003214,1.0008569,11,11,125,267,101
"1102",16,65,1.0005356,1.0007498,1.0004284,1.0008569,105,11,11,167,101
"1103",16,66,1.0006427,1.0007498,1.0005356,1.0008569,125,144,5,11,101
"1104",16,68,1.0003214,1.0005356,1.0002142,1.0006427,125,50,11,125,101
"1105",16,70,1.0004284,1.0005356,1.0003214,1.0006427,173,50,125,11,101
"1106",16,71,1.0005356,1.0006427,1.0004284,1.0007498,125,108,73,11,101
"1107",16,72,1.0002142,1.0004284,1.0001072,1.0005356,11,44,41,175,101
"1108",16,73,1.0002142,1.0004284,1.0001072,1.0005356,11,44,41,175,101
"1109",16,75,1.0002142,1.0004284,1.0001072,1.0005356,209,44,41,183,101
"1110",16,76,1.0002142,1.0004284,1.0001072,1.0005356,9,44,41,183,101
"1111",16,77,1.0002142,1.0004284,1.0001072,1.0005356,11,44,41,183,101
"1112",16,79,1.0001072,1.0003214,1,1.0004284,41,100,136,44,101
"1113",16,81,1.0002142,1.0004284,1.0001072,1.0005356,111,44,41,183,101
"1114",16,82,1.0004284,1.0005356,1.0003214,1.0006427,125,108,11,100,101
"1115",16,84,1.0005356,1.0007498,1.0004284,1.0008569,100,11,125,11,101
"1116",16,86,1.0005356,1.0008569,1.0004284,1.000964,100,11,125,11,101
"1117",16,87,1.0006427,1.0008569,1.0005356,1.000964,125,11,100,11,101
"1118",16,95,1.0006427,1.0008569,1.0005356,1.000964,125,250,100,11,101
"1119",16,96,1.0006427,1.0008569,1.0005356,1.000964,125,150,100,11,101
"1120",16,97,1.0005356,1.0008569,1.0004284,1.000964,100,50,125,11,101
"1121",16,98,1.0005356,1.0007498,1.0004284,1.0008569,100,100,125,50,101
"1122",16,99,1.0005356,1.0007498,1.0004284,1.0008569,100,111,125,50,101
"1123",16,100,1.0005356,1.0007498,1.0004284,1.0008569,100,11,125,50,101
"1124",16,103,1.0005356,1.0007498,1.0004284,1.0008569,100,106,125,50,101
"1125",16,104,1.0005356,1.0007498,1.0004284,1.0008569,100,6,125,50,101
"1126",16,105,1.0004284,1.0006427,1.0003214,1.0007498,125,103,11,6,101
"1127",16,106,1.0002142,1.0005356,1.0001072,1.0006427,11,11,41,228,101
"1128",16,107,1.0004284,1.0006427,1.0003214,1.0007498,11,3,125,106,101
"1129",16,108,1.0004284,1.0006427,1.0003214,1.0007498,11,18,125,106,101
"1130",16,109,1.0003214,1.0005356,1.0002142,1.0006427,125,200,11,3,101
"1131",16,110,1.0003214,1.0005356,1.0002142,1.0006427,125,100,11,3,101
"1132",16,111,1.0004284,1.0006427,1.0003214,1.0007498,105,3,125,106,101
"1133",16,112,1.0003214,1.0005356,1.0002142,1.0006427,125,100,11,3,101
"1134",16,113,1.0004284,1.0005356,1.0003214,1.0006427,100,100,125,3,101
"1135",16,114,1.0004284,1.0005356,1.0003214,1.0006427,58,20,125,3,101
"1136",16,115,1.0004284,1.0005356,1.0003214,1.0006427,50,6,125,311,101
"1137",16,116,1.0003214,1.0005356,1.0002142,1.0006427,125,10,11,111,101
"1138",16,118,1.0003214,1.0005356,1.0002142,1.0006427,125,6,11,111,101
"1139",16,119,1.0004284,1.0006427,1.0003214,1.0007498,10,11,125,106,101
"1140",16,120,1.0004284,1.0006427,1.0003214,1.0007498,6,15,125,106,101
"1141",16,121,1.0004284,1.0006427,1.0003214,1.0007498,6,15,125,106,101
"1142",16,129,1.0004284,1.0006427,1.0003214,1.0007498,6,11,125,106,101
"1143",16,131,1.0004284,1.0006427,1.0003214,1.0007498,11,11,125,106,101
"1144",16,132,1.0004284,1.0006427,1.0003214,1.0007498,11,11,225,106,101
"1145",16,133,1.0004284,1.0006427,1.0003214,1.0007498,11,112,225,206,101
"1146",16,134,1.0004284,1.0006427,1.0003214,1.0007498,11,12,225,106,101
"1147",16,135,1.0004284,1.0006427,1.0003214,1.0007498,11,16,225,106,101
"1148",16,138,1.0004284,1.0005356,1.0003214,1.0006427,11,105,225,11,101
"1149",16,139,1.0004284,1.0005356,1.0003214,1.0006427,50,5,225,11,101
"1150",16,140,1.0003214,1.0005356,1.0002142,1.0006427,225,111,11,11,101
"1151",16,141,1.0003214,1.0005356,1.0002142,1.0006427,225,15,11,11,101
"1152",16,142,1.0004284,1.0006427,1.0003214,1.0007498,11,311,225,106,101
"1153",16,144,1.0004284,1.0006427,1.0003214,1.0007498,11,11,225,106,101
"1154",16,156,1.0004284,1.0006427,1.0003214,1.0007498,11,11,225,106,101
"1155",16,157,1.0004284,1.0006427,1.0003214,1.0007498,11,11,225,106,101
"1156",16,164,1.0003214,1.0005356,1.0002142,1.0006427,225,211,11,111,101
"1157",16,165,1.0003214,1.0005356,1.0002142,1.0006427,100,11,11,211,101
"1158",16,167,1.0001072,1.0003214,1,1.0004284,41,11,11,425,101
"1159",16,168,1.0001072,1.0003214,1,1.0004284,41,11,11,426,101
"1160",16,169,1.0001072,1.0003214,1,1.0004284,41,11,11,326,101
"1161",16,170,1.0001072,1.0002142,1,1.0003214,41,125,11,11,101
"1162",16,171,1.0001072,1.0002142,1,1.0003214,30,225,11,11,101
"1163",16,172,1.0001072,1.0002142,1,1.0003214,33,225,11,11,101
"1164",16,174,1.0001072,1.0002142,1,1.0003214,30,100,11,11,101
"1165",16,175,1.0001072,1.0002142,1,1.0003214,31,100,11,11,101
"1166",16,178,1.0002142,1.0004284,1.0001072,1.0005356,236,201,31,11,101
"1167",16,179,1.0003214,1.0004284,1.0002142,1.0005356,100,101,136,11,101
"1168",16,180,1.0004284,1.0006427,1.0003214,1.0007498,236,11,100,6,101
"1169",16,181,1.0004284,1.0006427,1.0003214,1.0007498,125,11,100,6,101
"1170",16,183,1.0004284,1.0006427,1.0003214,1.0007498,125,11,11,6,101
"1171",16,184,1.0002142,1.0003214,1.0001072,1.0004284,225,11,31,11,101
"1172",16,185,1.0002142,1.0004284,1.0001072,1.0005356,225,11,31,325,101
"1173",16,186,1.0002142,1.0003214,1.0001072,1.0004284,125,111,31,11,101
"1174",16,187,1.0003214,1.0004284,1.0002142,1.0005356,200,21,271,225,101
"1175",16,188,1,1.0002142,0.9998929,1.0003214,11,110,125,111,101
"1176",16,189,1.0002142,1.0003214,1.0001072,1.0004284,100,121,225,11,101
"1177",16,190,1.0002142,1.0004284,1.0001072,1.0005356,111,11,225,125,101
"1178",16,191,1.0002142,1.0004284,1.0001072,1.0005356,100,11,125,125,101
"1179",16,192,1.0001072,1.0004284,1,1.0005356,125,11,11,225,101
"1180",16,195,1.0001072,1.0002142,1,1.0003214,125,11,139,225,101
"1181",16,196,1.0001072,1.0003214,1,1.0004284,125,125,39,11,101
"1182",16,197,1,1.0002142,0.9998929,1.0003214,8,100,125,225,101
"1183",16,198,1.0001072,1.0003214,1,1.0004284,225,225,8,11,101
"1184",16,200,1.0001072,1.0002142,1,1.0003214,125,101,8,225,101
"1185",16,201,1.0001072,1.0002142,1,1.0003214,125,1,8,225,101
"1186",16,203,1,1.0002142,0.9998929,1.0003214,104,1,125,225,101
"1187",16,204,0.9998929,1.0002142,0.9997858,1.0003214,125,1,13,325,101
"1188",16,205,1,1.0002142,0.9998929,1.0003214,218,1,125,325,101
"1189",16,206,1,1.0002142,0.9998929,1.0003214,216,1,125,325,101
"1190",16,207,1,1.0002142,0.9998929,1.0003214,116,1,125,433,101
"1191",16,209,1.0002142,1.0003214,1.0001072,1.0004284,1,300,282,11,101
"1192",16,210,1.0002142,1.0003214,1.0001072,1.0004284,4,300,282,11,101
"1193",16,211,1.0001072,1.0003214,1,1.0004284,125,300,116,11,101
"1194",16,219,1,1.0002142,0.9998929,1.0003214,116,411,125,100,101
"1195",16,220,1,1.0001072,0.9998929,1.0002142,116,411,125,311,101
"1196",16,221,1,1.0001072,0.9998929,1.0002142,116,300,125,211,101
"1197",16,222,1,1.0001072,0.9998929,1.0002142,116,300,125,111,101
"1198",16,224,1.0002142,1.0004284,1.0001072,1.0005356,136,11,100,225,101
"1199",16,225,1.0002142,1.0004284,1.0001072,1.0005356,136,11,11,225,101
"1200",16,230,1,1.0002142,0.9998929,1.0003214,11,100,125,125,101
"1201",16,233,1.0001072,1.0003214,1,1.0004284,341,11,11,11,101
"1202",16,234,1.0002142,1.0004284,1.0001072,1.0005356,7,11,341,225,101
"1203",16,235,1.0002142,1.0004284,1.0001072,1.0005356,3,11,241,225,101
"1204",16,240,1.0002142,1.0004284,1.0001072,1.0005356,3,104,241,225,101
"1205",16,241,1.0003214,1.0005356,1.0002142,1.0006427,125,100,3,11,101
"1206",16,243,1.0004284,1.0005356,1.0003214,1.0006427,316,100,36,111,101
"1207",16,244,1.0004284,1.0005356,1.0003214,1.0006427,217,100,36,111,101
"1208",16,245,1.0004284,1.0005356,1.0003214,1.0006427,217,34,36,111,101
"1209",16,246,1.0005356,1.0006427,1.0004284,1.0007498,111,92,217,6,101
"1210",16,247,1.0005356,1.0007498,1.0004284,1.0008569,100,6,217,125,101
"1211",16,248,1.0004284,1.0006427,1.0003214,1.0007498,217,325,36,6,101
"1212",16,249,1.0004284,1.0005356,1.0003214,1.0006427,101,3,36,225,101
"1213",16,250,1.0004284,1.0006427,1.0003214,1.0007498,217,125,36,6,101
"1214",16,251,1.0005356,1.0007498,1.0004284,1.0008569,111,6,216,225,101
"1215",16,252,1.0004284,1.0006427,1.0003214,1.0007498,216,225,36,6,101
"1216",16,253,1.0004284,1.0006427,1.0003214,1.0007498,216,225,36,106,101
"1217",16,254,1.0004284,1.0006427,1.0003214,1.0007498,216,125,36,106,101
"1218",16,255,1.0005356,1.0006427,1.0004284,1.0007498,200,203,216,206,101
"1219",16,256,1.0005356,1.0007498,1.0004284,1.0008569,100,206,216,125,101
"1220",16,257,1.0005356,1.0006427,1.0004284,1.0007498,100,11,216,206,101
"1221",16,258,1.0005356,1.0006427,1.0004284,1.0007498,100,61,216,206,101
"1222",16,259,1.0005356,1.0006427,1.0004284,1.0007498,100,11,216,206,101
"1223",16,260,1.0005356,1.0007498,1.0004284,1.0008569,175,206,216,125,101
"1224",16,261,1.0005356,1.0007498,1.0004284,1.0008569,175,206,216,125,101
"1225",16,262,1.0006427,1.0007498,1.0005356,1.0008569,200,206,75,125,101
"1226",16,263,1.0006427,1.0007498,1.0005356,1.0008569,100,200,75,125,101
"1227",16,266,1.0007498,1.000964,1.0006427,1.0010711,216,11,100,11,101
"1228",16,267,1.0007498,1.000964,1.0006427,1.0010711,316,11,100,11,101
"1229",16,268,1.0007498,1.000964,1.0006427,1.0010711,216,11,100,11,101
"1230",16,271,1.0008569,1.0010711,1.0007498,1.0011783,182,11,216,111,101
"1231",16,272,1.000964,1.0010711,1.0008569,1.0011783,50,11,182,111,101
"1232",16,273,1.000964,1.0010711,1.0008569,1.0011783,100,11,182,111,101
"1233",16,274,1.000964,1.0010711,1.0008569,1.0011783,100,61,182,111,101
"1234",16,275,1.0008569,1.000964,1.0007498,1.0010711,182,7,216,61,101
"1235",16,276,1.0008569,1.0010711,1.0007498,1.0011783,107,61,216,111,101
"1236",16,278,1.0010711,1.0011783,1.000964,1.0012853,6,111,108,11,101
"1237",16,279,1.000964,1.0011783,1.0008569,1.0012853,8,111,107,11,101
"1238",16,280,1.0010711,1.0011783,1.000964,1.0012853,216,114,8,11,101
"1239",16,281,1.0010711,1.0011783,1.000964,1.0012853,116,114,8,11,101
"1240",16,283,1.0010711,1.0011783,1.000964,1.0012853,216,103,8,11,101
"1241",16,292,1.0008569,1.000964,1.0007498,1.0010711,11,1,111,254,101
"1242",16,294,1.000964,1.0010711,1.0008569,1.0011783,200,6,11,50,101
"1243",16,296,1.0010711,1.0012853,1.000964,1.0013925,200,11,111,125,101
"1244",16,297,1.0010711,1.0012853,1.000964,1.0013925,100,11,11,125,101
"1245",16,300,1.000964,1.0011783,1.0008569,1.0012853,11,278,11,11,101
"1246",16,301,1.0010711,1.0011783,1.000964,1.0012853,100,225,11,11,101
"1247",16,302,1.0008569,1.0010711,1.0007498,1.0011783,11,300,111,125,101
"1248",16,303,1.0008569,1.0010711,1.0007498,1.0011783,85,111,111,125,101
"1249",16,305,1.000964,1.0010711,1.0008569,1.0011783,108,100,85,125,101
"1250",16,306,1.000964,1.0011783,1.0008569,1.0012853,108,11,85,118,101
"1251",16,307,1.000964,1.0011783,1.0008569,1.0012853,8,11,85,115,101
"1252",16,311,1.000964,1.0011783,1.0008569,1.0012853,125,11,85,115,101
"1253",16,315,1.0008569,1.000964,1.0007498,1.0010711,85,100,111,125,101
"1254",16,317,1.0008569,1.000964,1.0007498,1.0010711,85,50,211,125,101
"1255",16,318,1.0008569,1.0010711,1.0007498,1.0011783,85,125,211,11,101
"1256",16,319,1.0008569,1.000964,1.0007498,1.0010711,85,100,211,125,101
"1257",16,320,1.0008569,1.0010711,1.0007498,1.0011783,85,125,211,11,101
"1258",16,322,1.000964,1.0011783,1.0008569,1.0012853,108,19,85,111,101
"1259",16,323,1.000964,1.0011783,1.0008569,1.0012853,208,19,85,111,101
"1260",16,324,1.000964,1.0011783,1.0008569,1.0012853,108,19,85,111,101
"1261",16,327,1.000964,1.0010711,1.0008569,1.0011783,100,29,85,1,101
"1262",16,328,1.0008569,1.0010711,1.0007498,1.0011783,211,57,111,1,101
"1263",16,329,1.0010711,1.0012853,1.000964,1.0013925,11,181,101,125,101
"1264",16,330,1.0011783,1.0012853,1.0010711,1.0013925,200,138,11,71,101
"1265",16,331,1.0011783,1.0012853,1.0010711,1.0013925,100,38,11,63,101
"1266",16,332,1.0011783,1.0012853,1.0010711,1.0013925,100,38,11,61,101
"1267",16,333,1.0011783,1.0012853,1.0010711,1.0013925,100,38,11,61,101
"1268",16,337,1.0010711,1.0011783,1.000964,1.0012853,11,216,201,122,101
"1269",16,338,1.0010711,1.0011783,1.000964,1.0012853,11,116,201,122,101
"1270",16,339,1.000964,1.0010711,1.0008569,1.0011783,100,16,11,100,101
"1271",16,340,1.000964,1.0010711,1.0008569,1.0011783,100,16,11,100,101
"1272",16,341,1.000964,1.0010711,1.0008569,1.0011783,100,16,11,100,101
"1273",16,343,1.000964,1.0010711,1.0008569,1.0011783,100,16,11,100,101
"1274",16,345,1.0011783,1.0012853,1.0010711,1.0013925,11,22,136,11,101
"1275",16,348,1.0011783,1.0012853,1.0010711,1.0013925,2,22,136,11,101
"1276",16,349,1.0011783,1.0012853,1.0010711,1.0013925,11,50,136,200,101
"1277",16,350,1.0011783,1.0012853,1.0010711,1.0013925,11,50,136,100,101
"1278",16,352,1.0011783,1.0012853,1.0010711,1.0013925,11,50,136,200,101
"1279",16,354,1.0011783,1.0012853,1.0010711,1.0013925,11,70,136,200,101
"1280",16,357,1.0011783,1.0012853,1.0010711,1.0013925,11,20,336,200,101
"1281",16,359,1.0012853,1.0013925,1.0011783,1.0014995,136,200,11,12,101
"1282",16,360,1.0012853,1.0013925,1.0011783,1.0014995,125,200,11,12,101
"1283",16,362,1.0012853,1.0013925,1.0011783,1.0014995,125,100,11,12,101
"1284",16,363,1.0012853,1.0013925,1.0011783,1.0014995,225,100,11,12,101
"1285",16,364,1.0014995,1.0017138,1.0013925,1.0018209,125,13,11,131,101
"1286",16,365,1.0014995,1.0017138,1.0013925,1.0018209,125,13,11,231,101
"1287",16,368,1.0014995,1.0017138,1.0013925,1.0018209,11,171,11,213,101
"1288",16,369,1.0014995,1.0017138,1.0013925,1.0018209,11,371,11,113,101
"1289",16,370,1.0012853,1.0014995,1.0011783,1.0016067,225,302,11,311,101
"1290",16,371,1.0013925,1.0014995,1.0012853,1.0016067,100,202,225,111,101
"1291",16,372,1.0013925,1.0016067,1.0012853,1.0017138,100,525,225,265,101
"1292",16,373,1.0013925,1.0016067,1.0012853,1.0017138,100,525,225,66,101
"1293",16,374,1.0013925,1.0016067,1.0012853,1.0017138,100,271,225,64,101
"1294",16,375,1.0013925,1.0016067,1.0012853,1.0017138,100,226,225,64,101
"1295",16,376,1.0013925,1.0014995,1.0012853,1.0016067,100,200,225,126,101
"1296",16,377,1.0012853,1.0014995,1.0011783,1.0016067,100,201,11,125,101
"1297",16,378,1.0013925,1.0014995,1.0012853,1.0016067,6,201,300,125,101
"1298",16,379,1.0012853,1.0014995,1.0011783,1.0016067,200,201,11,125,101
"1299",16,380,1.0012853,1.0013925,1.0011783,1.0014995,200,304,11,100,101
"1300",16,381,1.0012853,1.0013925,1.0011783,1.0014995,300,204,11,11,101
"1301",16,382,1.0012853,1.0013925,1.0011783,1.0014995,300,21,11,115,101
"1302",16,384,1.0012853,1.0014995,1.0011783,1.0016067,300,115,11,125,101
"1303",16,386,1.0012853,1.0014995,1.0011783,1.0016067,300,15,11,125,101
"1304",16,388,1.0012853,1.0014995,1.0011783,1.0016067,300,11,11,519,101
"1305",16,389,1.0012853,1.0014995,1.0011783,1.0016067,300,11,11,319,101
"1306",16,393,1.0012853,1.0014995,1.0011783,1.0016067,300,11,11,211,101
"1307",16,398,1.0013925,1.0016067,1.0012853,1.0017138,325,19,200,39,101
"1308",16,399,1.0013925,1.0016067,1.0012853,1.0017138,325,15,200,39,101
"1309",16,400,1.0013925,1.0016067,1.0012853,1.0017138,425,29,200,39,101
"1310",16,401,1.0013925,1.0016067,1.0012853,1.0017138,325,29,200,39,101
"1311",16,406,1.0013925,1.0016067,1.0012853,1.0017138,358,29,200,39,101
"1312",16,407,1.0013925,1.0016067,1.0012853,1.0017138,358,29,200,239,101
"1313",16,411,1.0013925,1.0014995,1.0012853,1.0016067,233,100,200,29,101
"1314",16,412,1.0013925,1.0014995,1.0012853,1.0016067,233,11,200,29,101
"1315",16,414,1.0016067,1.0017138,1.0014995,1.0018209,7,11,325,61,101
"1316",16,415,1.0016067,1.0017138,1.0014995,1.0018209,11,11,325,12,101
"1317",16,416,1.0017138,1.0018209,1.0016067,1.001928,125,62,11,12,101
"1318",16,417,1.0014995,1.0016067,1.0013925,1.0017138,200,9,100,300,101
"1319",16,418,1.0014995,1.0017138,1.0013925,1.0018209,200,400,100,62,101
"1320",16,419,1.0016067,1.0018209,1.0014995,1.001928,5,11,200,37,101
"1321",16,420,1.0016067,1.0018209,1.0014995,1.001928,5,161,200,37,101
"1322",16,421,1.0016067,1.0018209,1.0014995,1.001928,5,61,200,45,101
"1323",16,422,1.0016067,1.0017138,1.0014995,1.0018209,5,105,200,61,101
"1324",16,423,1.0014995,1.0017138,1.0013925,1.0018209,200,11,100,161,101
"1325",16,424,1.0014995,1.0017138,1.0013925,1.0018209,200,11,100,169,101
"1326",16,426,1.0016067,1.0017138,1.0014995,1.0018209,4,11,200,169,101
"1327",16,427,1.0016067,1.0017138,1.0014995,1.0018209,2,11,200,61,101
"1328",16,428,1.0017138,1.001928,1.0016067,1.0020351,225,211,2,25,101
"1329",16,429,1.0017138,1.0018209,1.0016067,1.001928,225,3,2,211,101
"1330",16,430,1.0017138,1.001928,1.0016067,1.0020351,225,11,2,25,101
"1331",16,431,1.0018209,1.0020351,1.0017138,1.0021422,111,17,225,12,101
"1332",16,432,1.001928,1.0020351,1.0018209,1.0021422,11,6,111,105,101
"1333",16,433,1.001928,1.0020351,1.0018209,1.0021422,11,6,211,105,101
"1334",16,434,1.0018209,1.0020351,1.0017138,1.0021422,211,6,125,5,101
"1335",16,435,1.001928,1.0020351,1.0018209,1.0021422,7,6,211,5,101
"1336",16,440,1.001928,1.0020351,1.0018209,1.0021422,7,6,211,120,101
"1337",16,441,1.0020351,1.0021422,1.001928,1.0022494,111,1,57,111,101
"1338",16,442,1.0020351,1.0021422,1.001928,1.0022494,100,1,57,111,101
"1339",16,443,1.0020351,1.0021422,1.001928,1.0022494,100,1,57,122,101
"1340",16,444,1.0020351,1.0021422,1.001928,1.0022494,200,1,57,122,101
"1341",16,447,1.0020351,1.0021422,1.001928,1.0022494,200,1,57,111,101
"1342",16,450,1.001928,1.0020351,1.0018209,1.0021422,111,400,111,227,101
"1343",16,451,1.001928,1.0020351,1.0018209,1.0021422,11,300,111,226,101
"1344",16,453,1.0020351,1.0021422,1.001928,1.0022494,200,1,186,11,101
"1345",16,454,1.0020351,1.0022494,1.001928,1.0023564,100,100,186,110,101
"1346",16,455,1.0021422,1.0022494,1.0020351,1.0023564,11,100,221,10,101
"1347",16,456,1.0021422,1.0022494,1.0020351,1.0023564,11,100,221,21,101
"1348",16,457,1.0021422,1.0022494,1.0020351,1.0023564,11,100,221,121,101
"1349",16,458,1.0020351,1.0022494,1.001928,1.0023564,221,150,186,121,101
"1350",16,459,1.0021422,1.0022494,1.0020351,1.0023564,211,50,421,229,101
"1351",16,460,1.0021422,1.0022494,1.0020351,1.0023564,311,50,421,118,101
"1352",16,462,1.0023564,1.0024636,1.0022494,1.0025707,11,117,236,13,101
"1353",16,463,1.0022494,1.0023564,1.0021422,1.0024636,11,216,311,101,101
"1354",16,464,1.0022494,1.0023564,1.0021422,1.0024636,11,16,411,109,101
"1355",16,469,1.0022494,1.0023564,1.0021422,1.0024636,125,16,411,109,101
"1356",16,470,1.001928,1.0020351,1.0018209,1.0021422,4,16,11,414,101
"1357",16,471,1.0020351,1.0021422,1.001928,1.0022494,6,203,225,325,101
"1358",16,472,1.0020351,1.0021422,1.001928,1.0022494,6,203,125,125,101
"1359",16,473,1.0020351,1.0021422,1.001928,1.0022494,6,103,125,125,101
"1360",16,474,1.0020351,1.0021422,1.001928,1.0022494,6,101,125,125,101
"1361",16,475,1.001928,1.0021422,1.0018209,1.0022494,125,101,161,325,101
"1362",16,476,1.001928,1.0021422,1.0018209,1.0022494,125,101,161,225,101
"1363",16,478,1.001928,1.0021422,1.0018209,1.0022494,125,7,161,100,101
"1364",16,479,1.001928,1.0021422,1.0018209,1.0022494,125,9,161,111,101
"1365",16,480,1.001928,1.0021422,1.0018209,1.0022494,125,7,161,111,101
"1366",16,481,1.0021422,1.0022494,1.0020351,1.0023564,100,111,11,11,101
"1367",16,482,1.0020351,1.0022494,1.001928,1.0023564,11,111,125,11,101
"1368",16,484,1.0020351,1.0022494,1.001928,1.0023564,11,109,125,11,101
"1369",16,486,1.0018209,1.0020351,1.0017138,1.0021422,11,120,325,309,101
"1370",16,489,1.0017138,1.001928,1.0016067,1.0021422,200,125,2,409,101
"1371",16,490,1.0017138,1.001928,1.0016067,1.0020351,200,125,2,11,101
"1372",16,492,1.0018209,1.0020351,1.0017138,1.0021422,56,11,200,464,101
"1373",16,493,1.0018209,1.0020351,1.0017138,1.0021422,50,11,200,464,101
"1374",16,499,1.0013925,1.0016067,1.0012853,1.0017138,61,9,13,305,101
"1375",16,501,1.0013925,1.0016067,1.0012853,1.0017138,61,3,13,305,101
"1376",16,502,1.0013925,1.0016067,1.0012853,1.0017138,61,3,13,205,101
"1377",16,503,1.0013925,1.0014995,1.0012853,1.0016067,61,125,13,3,101
"1378",16,504,1.0014995,1.0017138,1.0013925,1.0018209,11,205,61,11,101
"1379",16,505,1.0013925,1.0016067,1.0012853,1.0017138,61,11,13,205,101
"1380",16,506,1.0014995,1.0017138,1.0013925,1.0018209,11,205,61,11,101
"1381",16,507,1.0013925,1.0016067,1.0012853,1.0017138,61,111,13,205,101
"1382",16,508,1.0013925,1.0016067,1.0012853,1.0017138,61,11,13,205,101
"1383",16,511,1.0014995,1.0017138,1.0013925,1.0018209,225,205,161,11,101
"1384",16,512,1.0013925,1.0016067,1.0012853,1.0017138,161,10,13,205,101
"1385",16,513,1.0013925,1.0016067,1.0012853,1.0017138,100,10,13,205,101
"1386",16,514,1.0013925,1.0016067,1.0012853,1.0017138,200,10,13,205,101
"1387",16,519,1.0014995,1.0016067,1.0013925,1.0017138,100,8,200,205,101
"1388",16,520,1.0014995,1.0017138,1.0013925,1.0018209,100,80,200,11,101
"1389",16,521,1.0014995,1.0017138,1.0013925,1.0018209,100,80,200,11,101
"1390",16,522,1.0013925,1.0017138,1.0012853,1.0018209,200,80,13,11,101
"1391",16,523,1.0012853,1.0014995,1.0011783,1.0016067,163,11,12,125,101
"1392",16,524,1.0013925,1.0016067,1.0012853,1.0017138,150,125,163,80,101
"1393",16,526,1.0013925,1.0016067,1.0012853,1.0017138,50,125,163,80,101
"1394",16,527,1.0013925,1.0016067,1.0012853,1.0017138,50,125,163,280,101
"1395",16,529,1.0013925,1.0016067,1.0012853,1.0017138,50,125,163,180,101
"1396",16,530,1.0013925,1.0014995,1.0012853,1.0016067,50,9,163,125,101
"1397",16,531,1.0013925,1.0016067,1.0012853,1.0017138,2,125,163,180,101
"1398",16,532,1.0013925,1.0016067,1.0012853,1.0017138,11,125,163,180,101
"1399",16,533,1.0013925,1.0016067,1.0012853,1.0017138,7,125,163,180,101
"1400",16,534,1.0013925,1.0016067,1.0012853,1.0017138,1,125,163,180,101
"1401",16,535,1.0012853,1.0014995,1.0011783,1.0016067,163,11,12,125,101
"1402",16,536,1.0012853,1.0014995,1.0011783,1.0016067,163,11,12,125,101
"1403",16,537,1.0012853,1.0014995,1.0011783,1.0016067,163,203,12,125,101
"1404",16,538,1.0012853,1.0014995,1.0011783,1.0016067,152,3,12,125,101
"1405",16,542,1.0013925,1.0016067,1.0012853,1.0017138,101,11,152,180,101
"1406",16,543,1.0014995,1.0017138,1.0013925,1.0018209,225,180,1,11,101
"1407",16,544,1.0014995,1.0017138,1.0013925,1.0018209,225,180,1,111,101
