"","time_id","seconds_in_bucket","bid_price1","ask_price1","bid_price2","ask_price2","bid_size1","ask_size1","bid_size2","ask_size2","stock_id"
"1",5,0,1.0012171,1.0021677,1.0012027,1.0022541,2,1,13,12,103
"2",5,1,1.0012171,1.0017356,1.0012027,1.0021677,2,14,13,1,103
"3",5,5,1.0012171,1.0021677,1.0012027,1.0022541,2,1,13,10,103
"4",5,6,1.0012171,1.0017356,1.0012027,1.0021677,2,14,13,101,103
"5",5,7,1.0012171,1.0017356,1.0012027,1.0019948,3,14,13,10,103
"6",5,8,1.0012171,1.0017356,1.0012027,1.0019948,3,14,13,10,103
"7",5,9,1.0012171,1.0017356,1.0012027,1.0019948,2,14,14,10,103
"8",5,10,1.0004681,1.0017356,1.0004537,1.0017933,16,2,1,17,103
"9",5,11,1.0004681,1.0017933,1.0004537,1.0021677,16,17,1,101,103
"10",5,12,1.0004681,1.0015484,1.0004537,1.0017933,16,10,1,17,103
"11",5,13,1.0004681,1.0017933,1.0004537,1.0021677,16,17,1,1,103
"12",5,14,1.0004681,1.0015484,1.0004537,1.0017933,16,10,1,17,103
"13",5,15,1.0004681,1.0015484,1.0004537,1.0017933,16,10,1,17,103
"14",5,16,1.0004681,1.0012603,1.0004537,1.0015484,16,14,1,10,103
"15",5,17,1.0004681,1.0015484,1.0004537,1.0017933,16,10,1,17,103
"16",5,18,1.0004681,1.0012603,1.0004537,1.0015484,16,14,1,10,103
"17",5,19,1.0004681,1.0012603,1.0004537,1.0012891,16,14,1,17,103
"18",5,21,1.0006266,1.001318,1.0004537,1.0017933,1,17,1,17,103
"19",5,22,1.0004969,1.001318,1.0004106,1.0017933,1,17,1,17,103
"20",5,23,1.0002377,1.001318,0.9999784,1.0017933,1,17,15,17,103
"21",5,25,1.0004681,1.0013323,1.0002377,1.00175,26,17,1,8,103
"22",5,26,1.0002809,1.0013036,0.9999784,1.0013323,1,14,15,17,103
"23",5,27,1.0003241,1.0013323,0.9999784,1.00175,1,17,15,8,103
"24",5,28,0.9999784,1.0013036,0.9997335,1.0013323,15,14,1,17,103
"25",5,29,0.9999784,1.0013323,0.9997335,1.00175,15,17,1,8,103
"26",5,31,1.0004537,1.00175,0.9999784,1.0017933,17,8,15,17,103
"27",5,32,1.0004537,1.0013036,0.9999784,1.00175,17,14,15,8,103
"28",5,33,1.0004537,1.0017933,0.9999784,1.0021677,17,17,15,1,103
"29",5,34,1.0004537,1.0013036,0.9999784,1.0017933,17,14,15,17,103
"30",5,35,1.0002377,1.0013036,0.9999784,1.001318,64,14,15,17,103
"31",5,37,1.0002377,1.001318,0.9999784,1.0017933,64,17,15,17,103
"32",5,38,1.0002377,1.001318,0.9999784,1.0017933,64,31,15,17,103
"33",5,40,1.0002377,1.001318,0.9999784,1.0017933,64,17,15,17,103
"34",5,41,1.0003673,1.001318,1.0002377,1.0017933,2,17,64,17,103
"35",5,42,1.0003673,1.0012747,1.0002377,1.001318,2,15,64,17,103
"36",5,44,1.0003673,1.0012747,1.0002377,1.001318,2,1,64,17,103
"37",5,45,1.0003673,1.0012747,1.0002377,1.001318,2,15,64,17,103
"38",5,46,1.0003817,1.0012747,1.0002377,1.001318,2,15,64,17,103
"39",5,47,1.0003817,1.0012747,1.0003673,1.001318,1,1,1,17,103
"40",5,48,1.0003817,1.0012747,1.0003673,1.001318,1,1,1,17,103
"41",5,49,1.0004826,1.0012747,1.0003817,1.0017933,17,1,1,17,103
"42",5,50,1.0002377,1.0012747,0.9999784,1.0013323,64,15,15,17,103
"43",5,52,1.0003673,1.0012747,1.0002377,1.0013323,1,15,64,17,103
"44",5,53,1.0004681,1.0012747,1.0002377,1.0013323,17,1,64,17,103
"45",5,54,1.0004537,1.0012747,1.0003673,1.0013323,17,15,1,17,103
"46",5,55,1.0004537,1.0012747,1.0003817,1.0013323,17,1,1,17,103
"47",5,56,1.0004537,1.0012747,1.0003673,1.0013323,17,15,1,17,103
"48",5,57,1.0002377,1.0012747,1.0001369,1.0013323,64,15,2,17,103
"49",5,58,1.0004537,1.0012747,1.0003673,1.0013323,17,1,1,17,103
"50",5,59,1.0004537,1.0012747,1.0003817,1.0013323,17,1,1,17,103
"51",5,60,1.0004537,1.0012747,1.0003673,1.0013323,17,15,1,17,103
"52",5,61,1.0004537,1.0012747,1.0003817,1.0013323,17,15,1,17,103
"53",5,62,1.0004537,1.0017933,1.0003673,1.0021677,17,17,1,1,103
"54",5,63,1.0005977,1.0017933,1.0004537,1.0021677,7,17,17,1,103
"55",5,64,1.0006266,1.0017933,1.0005977,1.0021677,1,17,7,1,103
"56",5,66,1.0006266,1.0017933,1.0005977,1.0021677,4,17,7,1,103
"57",5,68,1.0006266,1.0017933,1.0005977,1.0021677,13,17,7,1,103
"58",5,69,1.0006266,1.0017933,1.0005977,1.0018797,13,17,7,1,103
"59",5,70,1.0006266,1.0017933,1.0005977,1.0018941,13,17,7,1,103
"60",5,71,1.0006266,1.0017933,1.0005977,1.0020093,13,17,7,1,103
"61",5,72,1.0006266,1.0017933,1.0005977,1.0019661,13,17,7,1,103
"62",5,74,1.0009146,1.0017933,1.0006266,1.0019661,16,17,1,1,103
"63",5,75,1.0009146,1.0021677,1.000785,1.0022686,16,1,1,15,103
"64",5,77,1.0009146,1.0019661,1.000785,1.0021677,16,1,1,1,103
"65",5,78,1.0009146,1.0019661,1.000785,1.0021677,16,16,1,1,103
"66",5,79,1.0009146,1.0019661,1.0005977,1.0021677,16,2,7,1,103
"67",5,80,1.0009146,1.0019661,1.0008281,1.0021677,16,2,1,1,103
"68",5,81,1.0009146,1.0019661,1.0008281,1.0020957,16,1,2,1,103
"69",5,82,1.0009146,1.0020957,1.0008281,1.0021677,16,2,2,1,103
"70",5,84,1.0008281,1.0020957,1.0005977,1.0021677,2,16,7,1,103
"71",5,86,1.0009867,1.0020957,1.0008281,1.0021677,16,2,2,1,103
"72",5,87,1.0009867,1.0020957,1.0008281,1.0021677,16,90,2,1,103
"73",5,89,1.0010154,1.0020813,1.0008281,1.0020957,16,2,1,88,103
"74",5,90,1.0010154,1.0020813,1.0005977,1.0021677,16,90,7,1,103
"75",5,91,1.0009146,1.001822,1.0005977,1.0020813,16,17,7,88,103
"76",5,92,1.0005977,1.0018941,1.0004537,1.0020813,7,18,17,90,103
"77",5,93,1.0009146,1.0018941,1.0005977,1.0020813,16,20,7,88,103
"78",5,95,1.0009146,1.0018941,1.0005977,1.0021677,16,108,7,1,103
"79",5,96,1.0005977,1.0018941,1.0004537,1.0021677,7,108,17,1,103
"80",5,97,1.0006841,1.0018941,1.0005977,1.0021677,9,90,7,1,103
"81",5,98,1.0006841,1.0018941,1.000641,1.0021677,2,90,3,1,103
"82",5,101,1.0006986,1.0018941,1.0006841,1.0021677,19,90,5,1,103
"83",5,103,1.0006986,1.0018941,1.0006841,1.0021677,19,2,2,1,103
"84",5,104,1.0006986,1.0021677,1.0006841,1.0021821,19,1,2,113,103
"85",5,105,1.0006986,1.0021677,1.0006841,1.0021821,12,3,2,111,103
"86",5,106,1.0006986,1.0021677,1.0006841,1.0021821,12,4,2,111,103
"87",5,108,1.0011307,1.0021533,1.0009146,1.0021677,1,89,16,3,103
"88",5,109,1.0009146,1.0021533,1.0005977,1.0021677,16,88,7,1,103
"89",5,110,1.0009146,1.0019084,1.0005977,1.0021533,16,1,7,88,103
"90",5,111,1.0009146,1.0019084,1.0005977,1.0021533,16,4,7,88,103
"91",5,112,1.0009146,1.0019084,1.0005977,1.0021677,16,92,7,1,103
"92",5,113,1.0009146,1.0019084,1.0005977,1.0021677,16,91,7,1,103
"93",5,115,1.0009146,1.0019084,1.0004537,1.0021677,16,91,17,1,103
"94",5,119,1.0009146,1.0019084,1.0004537,1.0019948,16,91,17,100,103
"95",5,122,1.0009146,1.0019084,1.0004537,1.0021677,16,91,17,1,103
"96",5,123,1.0009146,1.0019084,1.0004537,1.0019661,16,89,17,100,103
"97",5,124,1.0009146,1.0019084,1.0004537,1.0021677,16,91,17,1,103
"98",5,128,1.0009003,1.0019084,1.0004537,1.0021677,16,91,117,1,103
"99",5,129,1.0009003,1.0019084,1.0004537,1.0021677,16,91,117,1,103
"100",5,132,1.0009003,1.0017356,1.0004537,1.0019084,16,1,117,90,103
"101",5,135,1.0004537,1.0016924,0.9999784,1.0017356,17,16,15,1,103
"102",5,136,1.0006697,1.0016924,1.0004537,1.0017356,1,16,17,1,103
"103",5,137,1.0006697,1.0014331,1.0004537,1.0016924,1,1,17,16,103
"104",5,140,1.0009003,1.0016493,1.0006697,1.0017933,16,88,1,16,103
"105",5,141,1.0009723,1.0016493,1.0006697,1.0017933,2,88,1,16,103
"106",5,143,1.000929,1.0016493,1.000713,1.0017933,16,88,2,16,103
"107",5,144,1.0009723,1.0016493,1.0006697,1.0017933,1,88,1,16,103
"108",5,146,1.000713,1.0016348,1.0006697,1.0016493,2,10,1,88,103
"109",5,147,1.0009146,1.0016348,1.0006697,1.0016493,1,24,1,88,103
"110",5,148,1.0006697,1.0016348,1.0004537,1.0016493,1,10,17,88,103
"111",5,149,1.0009003,1.0014331,1.0006697,1.001678,18,88,1,1,103
"112",5,150,1.0006697,1.0014331,1.0004537,1.0016636,1,88,17,1,103
"113",5,151,1.0004969,1.0014331,1.0004537,1.0016636,1,88,17,1,103
"114",5,152,1.0009003,1.0014331,1.0007994,1.0016636,16,88,2,1,103
"115",5,153,1.0009003,1.0016636,1.0007994,1.0017356,19,1,2,1,103
"116",5,154,1.0013467,1.0018508,1.0009003,1.0021677,16,100,16,1,103
"117",5,156,1.0010874,1.0018508,1.0009003,1.0021677,2,100,16,1,103
"118",5,157,1.0011307,1.0018508,1.0009003,1.0021677,2,100,16,1,103
"119",5,162,1.0011307,1.0018508,1.001073,1.0021677,2,100,10,1,103
"120",5,169,1.0011307,1.0018508,1.001073,1.0021677,2,200,10,1,103
"121",5,174,1.00139,1.0018508,1.0011307,1.0021677,16,200,2,1,103
"122",5,175,1.00139,1.0018508,1.001073,1.0021677,16,200,10,1,103
"123",5,176,1.001073,1.0018508,1.0009003,1.0021677,10,200,16,1,103
"124",5,177,1.0012171,1.0018508,1.001073,1.0021677,2,200,10,1,103
"125",5,178,1.001073,1.0018508,1.0009146,1.0021677,10,200,1,1,103
"126",5,179,1.001073,1.0018364,1.0009003,1.0018508,10,100,16,100,103
"127",5,180,1.0011307,1.0018077,1.001073,1.0018364,1,200,10,16,103
"128",5,181,1.001073,1.0017933,1.0009003,1.0021677,10,100,16,1,103
"129",5,186,1.001073,1.0017933,1.0009003,1.0018077,10,101,16,17,103
"130",5,188,1.001073,1.0017933,1.0009003,1.0021677,10,101,16,1,103
"131",5,189,1.001073,1.0017788,1.0009003,1.0021677,10,121,16,1,103
"132",5,190,1.001073,1.0017644,1.0009003,1.0017933,10,101,16,17,103
"133",5,191,1.0005113,1.0013611,1.0004969,1.0014331,2,20,1,100,103
"134",5,192,1.0005113,1.0013467,1.0004969,1.0013611,2,101,1,1,103
"135",5,193,1.0005113,1.0013467,1.0004969,1.0017933,2,101,1,17,103
"136",5,194,1.0005113,1.0013467,1.0004969,1.0015628,2,101,1,100,103
"137",5,197,1.0005257,1.0013467,1.0004969,1.0015628,2,101,1,100,103
"138",5,201,1.0011883,1.0021677,1.0008858,1.0022686,103,1,17,15,103
"139",5,202,1.0009146,1.0021677,1.0008858,1.0022686,1,1,17,15,103
"140",5,203,1.001001,1.0021677,1.0009146,1.0022686,8,1,1,15,103
"141",5,225,1.0012027,1.0021677,1.001001,1.0022686,10,1,8,15,103
"142",5,228,1.001318,1.0021677,1.001001,1.0022686,17,1,8,15,103
"143",5,229,1.001318,1.0021677,1.0009146,1.0025134,25,1,1,17,103
"144",5,234,1.001318,1.0021677,1.0009146,1.0025134,8,1,1,17,103
"145",5,236,1.001318,1.0020957,1.0012747,1.0021677,8,101,2,1,103
"146",5,237,1.001318,1.0020957,1.0012747,1.0021677,18,101,2,1,103
"147",5,238,1.001318,1.0020813,1.0012747,1.0020957,18,2,2,100,103
"148",5,239,1.001318,1.0020813,1.0012747,1.0020957,18,1,2,100,103
"149",5,240,1.0013323,1.0020813,1.001318,1.0020957,10,1,35,100,103
"150",5,241,1.001318,1.0020813,1.0012747,1.0020957,35,1,3,100,103
"151",5,242,1.001318,1.0021677,1.0012747,1.0025134,35,1,6,17,103
"152",5,243,1.001318,1.0020813,1.0012747,1.0021677,35,1,6,1,103
"153",5,244,1.001318,1.0021677,1.0012747,1.0025134,35,1,6,17,103
"154",5,245,1.00175,1.0027727,1.0017356,1.0029455,10,1,10,16,103
"155",5,246,1.0014331,1.0024703,1.001318,1.0025134,1,100,17,23,103
"156",5,247,1.0014331,1.0024703,1.001318,1.0025134,1,100,17,16,103
"157",5,249,1.0012747,1.0020813,1.0009146,1.0024703,7,16,1,100,103
"158",5,250,1.0012747,1.0020813,1.0009146,1.0024703,5,16,1,100,103
"159",5,251,1.0009146,1.0018797,1.000713,1.0020813,1,100,16,21,103
"160",5,252,1.0009146,1.0018797,1.000713,1.0020813,1,100,16,16,103
"161",5,254,1.0009146,1.0018797,1.0009003,1.0020813,1,100,68,16,103
"162",5,255,1.0011451,1.0020813,1.0009146,1.0021245,16,16,1,1,103
"163",5,256,1.0011451,1.0020813,1.0009146,1.0020957,16,18,1,1,103
"164",5,257,1.0011451,1.0020813,1.0009146,1.0020957,16,18,1,9,103
"165",5,258,1.0011451,1.0020813,1.0009146,1.0020957,16,20,1,9,103
"166",5,259,1.0011451,1.0020813,1.0009146,1.0020957,16,18,1,9,103
"167",5,261,1.0011451,1.0020813,1.0009146,1.0020957,16,2,1,9,103
"168",5,262,1.0011594,1.0020813,1.0011451,1.0020957,1,2,16,9,103
"169",5,263,1.0011594,1.0020813,1.0011451,1.0020957,1,1,16,8,103
"170",5,264,1.0011594,1.0020813,1.0011451,1.0025134,1,9,16,32,103
"171",5,265,1.0011594,1.0020813,1.0009146,1.0025134,1,9,1,32,103
"172",5,267,1.0011594,1.0020813,1.0011451,1.0025134,1,9,16,32,103
"173",5,268,1.0011594,1.0020813,1.0009146,1.0025134,1,9,1,32,103
"174",5,269,1.0011594,1.0020813,1.0011451,1.0025134,1,9,16,32,103
"175",5,270,1.0011594,1.0020669,1.0011451,1.0025134,11,8,16,16,103
"176",5,273,1.0011739,1.0020669,1.0011594,1.0025134,10,8,11,16,103
"177",5,274,1.0011739,1.0023406,1.0011594,1.0025134,1,8,10,16,103
"178",5,275,1.0011739,1.0020813,1.0011594,1.0025134,1,16,10,16,103
"179",5,276,1.0011739,1.0020813,1.0011594,1.0025134,3,16,10,16,103
"180",5,277,1.0011883,1.0020813,1.0011739,1.0025134,10,16,3,16,103
"181",5,278,1.0011883,1.0020813,1.0011739,1.0025134,11,116,2,16,103
"182",5,280,1.0011739,1.0020237,1.0011594,1.0020525,18,10,10,8,103
"183",5,281,1.0011883,1.0019948,1.0011739,1.0020813,10,1,2,116,103
"184",5,282,1.0012171,1.0019948,1.0011739,1.0020813,4,1,2,116,103
"185",5,283,1.0010154,1.0018653,1.0009146,1.0020093,2,1,1,1,103
"186",5,284,1.0010154,1.0018077,1.0009146,1.001822,2,10,1,1,103
"187",5,285,1.0010298,1.0020813,1.0010154,1.002139,10,116,2,1,103
"188",5,286,1.0010154,1.0020813,1.0009146,1.002139,10,116,1,1,103
"189",5,287,1.0010298,1.0020813,1.0010154,1.002139,10,116,10,1,103
"190",5,288,1.0009146,1.0018653,1.0009003,1.0018797,1,10,1,1,103
"191",5,289,1.0009146,1.0018797,1.0009003,1.0020813,1,1,1,116,103
"192",5,290,1.0009146,1.0018797,1.0009003,1.0020813,1,1,1,16,103
"193",5,292,1.001073,1.0018797,1.0009146,1.0020813,1,1,1,16,103
"194",5,293,1.0009146,1.0018797,1.0009003,1.0020813,1,1,2,16,103
"195",5,295,1.0009146,1.0018797,1.0009003,1.0020813,1,1,2,16,103
"196",5,296,1.0009146,1.0018364,1.0009003,1.0018653,1,10,1,1,103
"197",5,298,1.001073,1.0018364,1.0009146,1.0018653,10,3,1,1,103
"198",5,301,1.0009146,1.001606,1.0009003,1.0018364,1,16,1,3,103
"199",5,303,1.0010443,1.0017933,1.0009146,1.0018364,2,1,1,3,103
"200",5,304,1.0010443,1.0017933,1.0009146,1.0020813,2,1,1,16,103
"201",5,305,1.0010443,1.0017933,1.0009146,1.0020093,2,1,1,100,103
"202",5,311,1.0011451,1.0017933,1.0009146,1.0020093,10,1,1,100,103
"203",5,312,1.0011451,1.0019084,1.0010443,1.0020093,10,1,100,100,103
"204",5,313,1.0011451,1.0020093,1.0010587,1.0020813,10,100,100,16,103
"205",5,314,1.0013611,1.0020093,1.0012603,1.0020813,10,100,16,16,103
"206",5,315,1.0013036,1.0020093,1.0012603,1.0020813,100,100,16,16,103
"207",5,317,1.001318,1.0020093,1.0012603,1.0020813,100,100,16,16,103
"208",5,321,1.001678,1.0025134,1.001462,1.0028158,100,16,1,1,103
"209",5,322,1.001678,1.0025134,1.001462,1.0028158,101,16,1,1,103
"210",5,324,1.0016924,1.0025134,1.001678,1.0028158,100,16,1,1,103
"211",5,325,1.0016924,1.0025134,1.001462,1.0028158,101,16,1,1,103
"212",5,327,1.0016924,1.0025134,1.0012603,1.0028158,101,16,16,1,103
"213",5,329,1.0017068,1.0025134,1.0016924,1.0028158,100,16,1,1,103
"214",5,330,1.0017068,1.0025134,1.0012603,1.0028158,101,16,16,1,103
"215",5,331,1.0017068,1.0024703,1.0016924,1.0025134,101,1,16,16,103
"216",5,332,1.0017068,1.0024703,1.0016924,1.0025134,101,1,16,16,103
"217",5,335,1.0017068,1.0024703,1.0012603,1.0025134,101,1,16,16,103
"218",5,336,1.0017068,1.0024703,1.0012603,1.0024846,101,10,16,1,103
"219",5,337,1.0017068,1.0024846,1.0012603,1.0025134,101,1,16,16,103
"220",5,338,1.0017068,1.0024703,1.0012603,1.0025134,117,1,16,16,103
"221",5,339,1.0017068,1.0024846,1.0012603,1.0025134,101,1,16,16,103
"222",5,341,1.0017068,1.0024703,1.0012603,1.0025134,101,1,16,16,103
"223",5,342,1.0017068,1.0024703,1.0012603,1.0025134,101,1,16,16,103
"224",5,343,1.0017068,1.0024703,1.0012603,1.0025134,117,1,16,16,103
"225",5,344,1.0017068,1.0024846,1.0012603,1.0025134,117,1,16,16,103
"226",5,348,1.0017356,1.0024846,1.0017068,1.0029455,100,1,17,16,103
"227",5,349,1.0021101,1.0024846,1.0018508,1.0029455,3,1,100,16,103
"228",5,351,1.0021101,1.0024846,1.0018508,1.0029455,3,1,108,16,103
"229",5,352,1.0018508,1.0024846,1.0017068,1.0028158,108,1,16,1,103
"230",5,353,1.0019517,1.0024846,1.0018508,1.0029455,76,1,108,16,103
"231",5,354,1.0019517,1.0024846,1.0018508,1.0029455,76,3,108,16,103
"232",5,355,1.0019517,1.0024846,1.0018508,1.0029455,76,4,108,16,103
"233",5,360,1.0019517,1.0024846,1.0018508,1.0028158,76,4,108,1,103
"234",5,364,1.0019517,1.0024703,1.0018508,1.0024846,76,10,108,4,103
"235",5,365,1.002211,1.0024846,1.0019373,1.0029455,6,2,100,16,103
"236",5,366,1.0019373,1.0024703,1.0018508,1.0024846,101,1,9,2,103
"237",5,367,1.0019373,1.0024703,1.0018508,1.0024846,101,2,9,1,103
"238",5,369,1.0019517,1.0024703,1.0019373,1.0024846,10,2,101,1,103
"239",5,370,1.0019517,1.0024846,1.0019373,1.0026718,200,1,1,2,103
"240",5,372,1.0019517,1.0024846,1.0019373,1.0027007,200,1,1,2,103
"241",5,378,1.0019517,1.0024846,1.0019373,1.0026143,200,1,1,1,103
"242",5,379,1.0019517,1.0024846,1.0019373,1.0027151,210,1,1,2,103
"243",5,380,1.0019517,1.0024846,1.0019373,1.0027007,210,1,1,2,103
"244",5,381,1.0019517,1.0024846,1.0019373,1.0027007,211,1,1,2,103
"245",5,384,1.0019517,1.0024846,1.0019373,1.0025854,211,1,1,8,103
"246",5,386,1.0019517,1.0024846,1.0019373,1.0027007,211,1,1,8,103
"247",5,388,1.0019517,1.0027007,1.0019373,1.002888,201,8,1,100,103
"248",5,389,1.0021245,1.002888,1.0019661,1.0029455,101,100,1,15,103
"249",5,390,1.002139,1.002888,1.0021245,1.0029455,100,100,1,15,103
"250",5,391,1.0021677,1.002888,1.0021245,1.0029167,100,100,1,1,103
"251",5,393,1.0021677,1.002888,1.0021245,1.0029455,100,100,1,15,103
"252",5,394,1.0021677,1.002888,1.0019517,1.0029455,100,100,100,15,103
"253",5,398,1.0021677,1.0028735,1.0019373,1.002888,100,8,1,100,103
"254",5,399,1.0021677,1.0028735,1.0019373,1.002888,100,9,1,100,103
"255",5,400,1.0021677,1.0028735,1.0019373,1.002888,100,7,1,100,103
"256",5,401,1.0019373,1.0028735,1.0018508,1.002888,1,7,3,100,103
"257",5,402,1.0019373,1.0028447,1.0018508,1.0028591,1,100,3,2,103
"258",5,403,1.0019373,1.0028447,1.0018508,1.0028735,1,102,3,7,103
"259",5,404,1.0019373,1.0028447,1.0018508,1.0028735,1,100,3,7,103
"260",5,406,1.0018508,1.0024126,1.0016924,1.0028735,3,1,15,7,103
"261",5,407,1.0018508,1.0026718,1.0016924,1.002888,3,2,15,100,103
"262",5,413,1.0018508,1.0026718,1.0016924,1.002888,3,102,15,100,103
"263",5,416,1.0018508,1.0024558,1.0016924,1.0026718,3,15,15,102,103
"264",5,417,1.0018508,1.002499,1.0016924,1.0026718,3,15,15,102,103
"265",5,421,1.0018508,1.0025134,1.0016924,1.0026718,3,15,15,102,103
"266",5,422,1.0017644,1.0025134,1.0016636,1.0026718,10,15,1,1,103
"267",5,423,1.0016636,1.0025134,1.0016493,1.0026287,1,15,68,2,103
"268",5,427,1.0016636,1.0025134,1.0012603,1.0026287,1,15,16,2,103
"269",5,428,1.0016636,1.0025134,1.0012603,1.0026287,10,15,16,2,103
"270",5,429,1.0016636,1.0025134,1.0012603,1.0026143,10,15,16,2,103
"271",5,431,1.0016636,1.0025134,1.0012603,1.0026143,10,15,16,3,103
"272",5,432,1.0012603,1.002499,1.0009146,1.0025134,16,10,1,15,103
"273",5,433,1.0016348,1.002499,1.0012603,1.0025134,2,10,16,15,103
"274",5,437,1.0016493,1.002499,1.0016348,1.0025134,10,10,2,15,103
"275",5,443,1.0016493,1.002499,1.0012603,1.0025134,10,10,16,15,103
"276",5,452,1.0016493,1.002499,1.00139,1.0025134,10,10,1,15,103
"277",5,453,1.0016493,1.002499,1.0013467,1.0025134,10,10,100,15,103
"278",5,454,1.0016493,1.002499,1.0013467,1.0025134,10,10,102,15,103
"279",5,457,1.0016493,1.002499,1.0014331,1.0025134,10,10,100,15,103
"280",5,458,1.0016493,1.002499,1.0014331,1.0025134,10,10,200,15,103
"281",5,459,1.0014331,1.002499,1.0013467,1.0025134,200,10,2,15,103
"282",5,460,1.0014331,1.002499,1.0013467,1.0025134,200,13,2,15,103
"283",5,461,1.0014331,1.0022974,1.0013467,1.002499,200,1,2,3,103
"284",5,462,1.0014331,1.0019948,1.0013467,1.0022974,200,2,2,1,103
"285",5,463,1.0014331,1.0020525,1.0013467,1.0022974,200,4,2,1,103
"286",5,464,1.0009146,1.001606,1.000713,1.0018797,1,10,17,1,103
"287",5,465,1.0009146,1.0018797,1.000713,1.0019661,1,1,17,17,103
"288",5,466,1.0009146,1.0017788,1.000713,1.0018797,1,4,17,1,103
"289",5,473,1.0011739,1.0017788,1.0011451,1.0020237,10,4,17,17,103
"290",5,475,1.0011739,1.0017788,1.0011451,1.0022974,10,4,17,1,103
"291",5,476,1.0011739,1.0017788,1.0011451,1.0019804,10,4,17,17,103
"292",5,477,1.0011451,1.0017788,1.0009146,1.0019804,17,3,1,17,103
"293",5,478,1.0011739,1.0017788,1.0011451,1.0019804,63,3,17,17,103
"294",5,479,1.0011739,1.0017788,1.0011451,1.0022974,63,3,17,1,103
"295",5,480,1.0011739,1.0017788,1.0011451,1.0019804,63,3,17,17,103
"296",5,482,1.0011739,1.0017788,1.0011451,1.0019804,63,1,17,17,103
"297",5,484,1.0011451,1.0017788,1.0009146,1.0019804,17,1,1,17,103
"298",5,485,1.0011451,1.0017788,1.0009146,1.0020093,17,1,1,16,103
"299",5,488,1.001462,1.0017788,1.0011451,1.0020093,2,1,17,16,103
"300",5,489,1.001462,1.0020093,1.0011451,1.0022974,2,16,17,1,103
"301",5,490,1.0011451,1.0020093,1.0009146,1.0022974,17,16,1,1,103
"302",5,491,1.0011451,1.0025134,1.0009146,1.0028735,17,15,1,100,103
"303",5,492,1.0011451,1.0020813,1.0009146,1.0022686,17,16,1,1,103
"304",5,493,1.0011451,1.0020813,1.0009146,1.0021966,17,16,1,100,103
"305",5,498,1.0012459,1.0020813,1.0011451,1.0021966,79,16,17,100,103
"306",5,499,1.0012459,1.0020813,1.0011451,1.0021966,72,16,17,100,103
"307",5,501,1.0012459,1.0020813,1.0011451,1.0021966,73,16,17,100,103
"308",5,502,1.0012459,1.0021966,1.0011451,1.0022686,73,100,17,1,103
"309",5,507,1.0012459,1.0020093,1.0011451,1.0021966,73,16,17,100,103
"310",5,509,1.0012459,1.0020669,1.0011451,1.0021966,73,16,17,100,103
"311",5,512,1.0012459,1.0020669,1.0011451,1.0021966,76,16,17,100,103
"312",5,513,1.0012459,1.0020669,1.0011451,1.0021966,75,16,17,100,103
"313",5,514,1.0012459,1.0020669,1.0011594,1.0021966,12,16,1,100,103
"314",5,515,1.0012459,1.0020669,1.0012027,1.0021966,12,16,1,100,103
"315",5,516,1.0012459,1.0020669,1.0012171,1.0021966,12,16,1,100,103
"316",5,517,1.0012459,1.0020669,1.0009146,1.0021966,13,16,1,100,103
"317",5,518,1.0012459,1.0020669,1.0009146,1.0021966,29,16,1,100,103
"318",5,519,1.0012603,1.0020669,1.0012459,1.0021966,1,16,12,100,103
"319",5,522,1.0012747,1.0020669,1.0012603,1.0021966,9,16,1,100,103
"320",5,523,1.0012747,1.0020669,1.0012459,1.0021966,10,16,12,100,103
"321",5,528,1.0012891,1.0020669,1.0012747,1.0021966,9,16,10,100,103
"322",5,529,1.0012891,1.0020957,1.0012747,1.0021966,9,16,9,100,103
"323",5,531,1.0014187,1.0021966,1.0012459,1.0025134,1,100,3,15,103
"324",5,533,1.0016348,1.0021966,1.0014187,1.0025134,2,100,1,15,103
"325",5,535,1.0019228,1.0021966,1.0014187,1.0025134,2,100,1,15,103
"326",5,537,1.0020669,1.0029455,1.0020525,1.0033633,109,15,2,16,103
"327",5,538,1.0020669,1.0029455,1.0016348,1.0033633,9,15,2,16,103
"328",5,541,1.0020813,1.0029455,1.0020669,1.0033633,1,15,9,16,103
"329",5,545,1.0020813,1.0029455,1.0020669,1.003032,1,15,9,37,103
"330",5,546,1.0020813,1.0029455,1.0020669,1.003032,9,15,9,37,103
"331",5,556,1.0020813,1.0029455,1.0020669,1.003032,19,15,9,37,103
"332",5,557,1.0020813,1.0029455,1.0020669,1.003032,18,15,9,37,103
"333",5,561,1.0020813,1.0029455,1.0020669,1.003032,18,15,9,39,103
"334",5,564,1.0020813,1.0029455,1.0020669,1.003032,18,15,9,38,103
"335",5,565,1.0020813,1.0029455,1.0020669,1.003032,18,15,9,39,103
"336",5,568,1.0020813,1.0029455,1.0020669,1.003032,18,15,9,37,103
"337",5,569,1.0024126,1.0029455,1.002139,1.003032,10,15,10,37,103
"338",5,570,1.002139,1.0029455,1.0021245,1.003032,10,15,10,37,103
"339",5,571,1.0021677,1.0029455,1.0021533,1.00296,10,15,1,1,103
"340",5,573,1.0021533,1.0029455,1.002139,1.00296,1,15,10,1,103
"341",5,575,1.002139,1.0029455,1.0021245,1.00296,10,15,10,1,103
"342",5,579,1.002139,1.0027294,1.0021245,1.0029455,10,39,10,15,103
"343",5,581,1.0016493,1.0027294,1.0016348,1.0029455,16,39,2,31,103
"344",5,582,1.0016348,1.0024126,1.0015628,1.0029455,2,16,3,31,103
"345",5,583,1.00139,1.0020525,1.0011451,1.0024126,10,5,16,16,103
"346",5,584,1.0011451,1.0024126,1.0009867,1.0029455,16,16,15,31,103
"347",5,585,1.0011451,1.0024126,1.0009867,1.002499,16,16,15,4,103
"348",5,589,1.0012171,1.0024126,1.0012027,1.002499,10,16,10,4,103
"349",5,591,1.0012603,1.0019228,1.0012171,1.0020381,2,1,10,5,103
"350",5,592,1.0011739,1.0018508,1.0009867,1.0019228,1,16,15,1,103
"351",5,593,1.0011451,1.0018508,1.0009867,1.0019228,2,16,15,1,103
"352",5,594,1.0009867,1.0018508,1.0009146,1.0019228,15,16,1,1,103
"353",11,0,1.0002562,1.0008377,0.9998269,1.0010453,16,307,18,1,103
"354",11,3,1.0002562,1.0008377,0.9998269,1.0010039,16,307,18,16,103
"355",11,4,1.0002562,1.0008377,0.9998269,1.0010039,18,307,18,16,103
"356",11,5,1.0002562,1.0008377,0.9998269,1.0013499,18,307,18,1,103
"357",11,6,1.0002562,1.0008377,0.9998269,1.0013499,18,307,18,1,103
"358",11,8,1.0002562,1.0008377,0.9998269,1.0010453,18,307,18,17,103
"359",11,10,1.0002562,1.0008377,0.9998269,1.0010453,18,307,18,16,103
"360",11,23,1.0002562,1.0008377,0.9998269,1.0010453,2,307,18,16,103
"361",11,32,1.0002562,1.0005884,0.9998269,1.0008377,2,1,18,107,103
"362",11,33,1.0002562,1.0005884,0.9999238,1.0006853,2,1,8,1,103
"363",11,35,1.0002562,1.0005884,0.9999238,1.0008377,2,1,8,407,103
"364",11,39,1.0002562,1.0005884,0.9999238,1.0008377,2,1,8,407,103
"365",11,40,0.9999238,1.0004777,0.9998269,1.0005884,8,200,18,1,103
"366",11,41,0.9999238,1.0004777,0.9998269,1.0006853,8,200,18,1,103
"367",11,49,0.9999238,1.0004777,0.9998269,1.0006853,8,200,18,1,103
"368",11,51,0.9999238,1.0004777,0.9998269,1.0006853,8,200,18,1,103
"369",11,53,0.9999238,1.0004777,0.9998269,1.0008377,8,200,18,200,103
"370",11,54,0.9999238,1.0004777,0.9998269,1.0006853,8,200,18,1,103
"371",11,64,0.9999238,1.0004777,0.9998269,1.0006853,10,200,18,1,103
"372",11,67,0.9999238,1.0004777,0.9998269,1.0006853,10,200,18,1,103
"373",11,81,0.9999238,1.0004777,0.9998269,1.0006853,8,200,18,1,103
"374",11,88,0.9999238,1.0004777,0.9998269,1.0006853,8,200,18,1,103
"375",11,92,0.9999238,1.0004777,0.9998269,1.0008377,8,200,18,200,103
"376",11,93,0.9999238,1.0004777,0.9998269,1.0006853,8,300,18,1,103
"377",11,94,0.9999238,1.0004777,0.9998269,1.0006853,8,300,18,2,103
"378",11,96,0.9999238,1.0004777,0.9998269,1.0006853,8,300,18,1,103
"379",11,109,0.9999238,1.0004777,0.9998269,1.0006853,8,301,18,1,103
"380",11,110,1.0003531,1.0006853,0.9998269,1.0008377,11,1,18,100,103
"381",11,111,1.0003531,1.0006853,1.0001454,1.0008377,11,1,100,100,103
"382",11,113,1.0005192,1.0008377,1.0003531,1.0010453,1,100,11,16,103
"383",11,114,1.0003669,1.0008377,1.0001454,1.0010453,15,100,100,16,103
"384",11,115,1.0003669,1.0008377,1.0001454,1.0013499,16,100,100,1,103
"385",11,116,1.0003669,1.0008377,1.0001454,1.001073,16,100,100,17,103
"386",11,117,1.0003669,1.0008377,1.0001454,1.0010453,16,100,100,1,103
"387",11,118,1.0003669,1.0008377,1.0003115,1.001073,16,100,17,17,103
"388",11,121,1.0003669,1.0008377,1.0003115,1.0013499,16,100,17,1,103
"389",11,122,1.0003669,1.0008377,1.0003115,1.001073,16,100,17,17,103
"390",11,123,1.0003669,1.0008377,1.0003115,1.001073,16,100,17,17,103
"391",11,124,1.0003669,1.0008377,1.0003115,1.0010453,30,100,17,1,103
"392",11,132,1.0003669,1.0008377,1.0003115,1.0010453,28,100,17,1,103
"393",11,134,1.0003669,1.0008377,1.0003115,1.0010453,16,100,17,1,103
"394",11,135,1.0003669,1.0008377,1.0003115,1.0010453,1,100,17,1,103
"395",11,144,1.0003669,1.0008377,1.0001454,1.0010453,1,100,100,1,103
"396",11,145,1.0003669,1.0008377,1.0003115,1.0010453,1,100,1,1,103
"397",11,152,1.0002562,1.0005608,1.0001454,1.0007684,77,1,5,1,103
"398",11,155,1.0002562,1.0005608,0.9998269,1.0007684,77,1,18,1,103
"399",11,163,1.0002562,1.0005608,0.9998269,1.0007684,177,1,18,1,103
"400",11,165,1.0002562,1.0005608,0.9998269,1.0007684,100,1,18,1,103
"401",11,166,1.0002562,1.0005608,0.9998269,1.0007684,117,1,18,1,103
"402",11,167,1.00027,1.0005608,1.0002562,1.0007684,100,1,17,1,103
"403",11,174,1.00027,1.0005608,1.0002562,1.0007684,107,1,17,1,103
"404",11,181,1.00027,1.0007684,1.0002562,1.0008377,107,1,17,101,103
"405",11,185,1.00027,1.0007684,1.0002562,1.0008377,246,1,17,101,103
"406",11,192,1.00027,1.0007684,1.0002562,1.0008377,246,2,17,100,103
"407",11,193,1.00027,1.0007684,1.0002562,1.0008377,246,4,17,100,103
"408",11,194,1.00027,1.0007684,1.0002562,1.0008377,246,5,17,100,103
"409",11,196,1.00027,1.0007684,1.0002562,1.0008377,246,6,17,100,103
"410",11,198,1.00027,1.0007684,1.0002562,1.0008377,246,3,17,101,103
"411",11,208,1.00027,1.0007684,1.0002562,1.0008377,146,3,17,101,103
"412",11,209,1.0002838,1.0007684,1.0002562,1.0008377,7,3,17,101,103
"413",11,210,1.0002838,1.0007684,1.0002562,1.0008239,7,3,17,2,103
"414",11,211,1.0002838,1.0005608,1.0002562,1.0007684,9,1,17,3,103
"415",11,212,1.0003115,1.0005608,1.0002838,1.0007684,1,1,9,3,103
"416",11,213,1.00045,1.0007684,1.0003115,1.0008239,7,2,1,1,103
"417",11,216,1.00045,1.0007684,1.0003115,1.0008239,23,2,1,1,103
"418",11,217,1.00063,1.0007684,1.00045,1.0008239,78,2,23,1,103
"419",11,220,1.00045,1.0007684,1.0003115,1.0008239,23,2,1,1,103
"420",11,234,1.00063,1.0010453,1.00045,1.0010592,63,1,16,100,103
"421",11,235,1.00063,1.0010453,1.0003115,1.0010592,79,1,1,100,103
"422",11,239,1.0007269,1.0010453,1.00063,1.0010592,1,1,79,100,103
"423",11,241,1.0007269,1.0010453,1.00063,1.0010592,1,1,63,100,103
"424",11,244,1.0002562,1.0010453,1.0000623,1.0010592,17,1,1,263,103
"425",11,245,1.0002562,1.0008377,1.0000623,1.0008515,17,1,1,1,103
"426",11,246,1.0002562,1.0008377,1.0000623,1.0010453,17,2,1,1,103
"427",11,250,1.0004222,1.0008377,1.0002562,1.0010453,101,2,17,1,103
"428",11,251,1.0004222,1.0009899,1.0002562,1.0010453,101,1,17,1,103
"429",11,252,1.0004222,1.0010453,1.0002562,1.0010592,101,1,17,100,103
"430",11,253,1.0004222,1.0009899,1.0002562,1.0010177,101,1,17,1,103
"431",11,254,1.0004222,1.0010039,1.0002562,1.0010453,101,1,17,1,103
"432",11,255,1.0004222,1.0010453,1.0002562,1.0010592,101,1,17,100,103
"433",11,257,1.0004222,1.0010315,1.0002562,1.0010453,101,2,17,1,103
"434",11,258,1.0004222,1.0009761,1.0002562,1.0010177,101,2,17,1,103
"435",11,259,1.0004222,1.0009623,1.0002562,1.0009761,101,2,17,1,103
"436",11,260,1.0004222,1.0009346,1.0002562,1.0009484,101,2,17,1,103
"437",11,261,1.0004222,1.0009208,1.0002562,1.0009346,101,2,17,1,103
"438",11,262,1.0004222,1.000893,1.0002562,1.0009208,101,2,17,1,103
"439",11,263,1.0004222,1.0008515,1.0002562,1.0009484,101,2,17,1,103
"440",11,264,1.0004222,1.0008515,1.0002562,1.0010453,101,2,17,1,103
"441",11,265,1.0004222,1.0010453,1.0002562,1.0010592,101,1,17,100,103
"442",11,267,1.0004222,1.0010177,1.0002562,1.0010453,101,2,17,1,103
"443",11,268,1.0005469,1.0010177,1.0004222,1.0010453,9,2,101,1,103
"444",11,269,1.0005469,1.0010453,1.0004222,1.0010592,9,1,100,100,103
"445",11,271,1.0004222,1.0007408,1.0002562,1.0010453,100,1,17,1,103
"446",11,276,1.0004222,1.0007408,1.0000623,1.0008377,100,1,1,2,103
"447",11,278,1.0004222,1.0007408,1.0000623,1.0010453,100,3,1,1,103
"448",11,280,1.0004222,1.0007408,1.0002562,1.0010453,100,3,17,1,103
"449",11,283,1.0004222,1.0007408,1.0002562,1.0010453,100,4,17,1,103
"450",11,290,1.0004222,1.0007408,1.0002562,1.0008377,100,4,17,100,103
"451",11,297,1.0004222,1.0007408,1.0002562,1.0008377,100,34,17,100,103
"452",11,301,1.0004222,1.0007408,1.0002562,1.0008377,100,33,17,100,103
"453",11,304,1.0004222,1.0007408,1.0002562,1.0008377,100,42,17,116,103
"454",11,305,1.0004222,1.0007408,1.0002562,1.0008377,100,34,17,100,103
"455",11,306,1.0004222,1.0007408,1.0002562,1.0007546,100,34,17,5,103
"456",11,309,1.0000623,1.0006853,0.99996537,1.0007408,1,1,4,34,103
"457",11,310,1.0000623,1.0005053,0.99996537,1.0006853,1,1,4,1,103
"458",11,319,1.0002838,1.0005053,1.00027,1.0006853,1,1,1,1,103
"459",11,320,1.0002838,1.0005053,1.0000623,1.0006853,1,1,1,1,103
"460",11,332,1.0002838,1.0004084,1.0000623,1.0005053,1,1,1,1,103
"461",11,333,1.0000623,1.0004084,1.0000485,1.0005053,1,2,68,1,103
"462",11,334,1.0000623,1.0004084,1.0000485,1.0005053,1,2,67,1,103
"463",11,339,1.0000623,1.0004084,0.99996537,1.0005053,1,2,4,1,103
"464",11,349,1.0000623,1.0004084,0.99996537,1.0006853,1,2,4,1,103
"465",11,350,1.0000623,1.0004084,0.99996537,1.0006853,2,2,4,1,103
"466",11,351,1.0000623,1.0004084,0.99996537,1.0006853,1,2,4,1,103
"467",11,354,1.0000623,1.0004084,0.99996537,1.0004777,1,2,4,1,103
"468",11,361,1.0000623,1.0004084,0.99996537,1.0004777,1,1,4,1,103
"469",11,364,1.0000623,1.0004084,0.99996537,1.0004777,3,1,5,1,103
"470",11,369,1.0000623,1.0004084,0.99996537,1.0004638,3,1,106,7,103
"471",11,375,1.0000623,1.0004084,0.99996537,1.0004222,3,1,106,200,103
"472",11,380,1.0000623,1.0004084,0.99996537,1.0004222,3,1,105,202,103
"473",11,382,1.0000623,1.0004084,0.99996537,1.0004222,4,1,104,202,103
"474",11,383,1.0000623,1.0004084,0.99997926,1.0004222,3,1,1,202,103
"475",11,389,1.0000623,1.0004084,0.99997926,1.0004222,3,2,1,202,103
"476",11,391,1.0000623,1.0004084,0.99996537,1.0004222,3,2,104,202,103
"477",11,392,1.0000623,1.0002007,0.99996537,1.0004084,3,1,104,2,103
"478",11,393,1.0000623,1.0002007,0.99996537,1.0004084,1,1,104,2,103
"479",11,399,1.0000623,1.0002007,0.99996537,1.0004084,1,2,104,2,103
"480",11,419,0.99996537,1.0002007,0.9996746,1.0002838,76,3,6,200,103
"481",11,420,0.99996537,1.0001454,0.99979925,1.0001869,76,8,16,100,103
"482",11,421,0.99996537,1.0001454,0.99979925,1.0001869,73,9,16,100,103
"483",11,424,0.9994116,0.9998131,0.99938387,0.9998408,5,1,17,100,103
"484",11,425,0.9994116,0.99979925,0.99938387,0.9998131,5,101,17,2,103
"485",11,426,0.9994116,0.99979925,0.99938387,1.0004084,5,101,17,1,103
"486",11,429,0.99938387,0.99979925,0.9991762,1.0004084,1,101,7,1,103
"487",11,430,0.99938387,0.99979925,0.9991762,1.0004084,1,102,7,1,103
"488",11,434,0.99938387,0.99979925,0.9991762,1.0004084,1,104,7,1,103
"489",11,437,0.9991762,0.9995915,0.99895465,0.99979925,7,1,17,103,103
"490",11,438,0.9991762,0.9995915,0.99895465,0.99979925,7,4,17,102,103
"491",11,439,0.9991762,0.9995915,0.99895465,0.99979925,7,4,17,120,103
"492",11,440,0.9991762,0.9995915,0.99895465,0.99979925,7,1,17,121,103
"493",11,447,0.9991762,0.9995915,0.99895465,0.99979925,6,1,17,121,103
"494",11,452,0.9991762,0.9995915,0.99895465,0.99979925,6,1,17,121,103
"495",11,454,0.9991762,0.9995915,0.9989962,0.99979925,6,1,17,121,103
"496",11,457,0.9991762,0.9995915,0.9989962,0.99978536,6,1,17,100,103
"497",11,459,0.9991762,0.9995915,0.9989962,0.99978536,6,1,17,102,103
"498",11,460,0.99938387,0.9995915,0.9991762,0.99978536,17,1,6,102,103
"499",11,464,0.99938387,0.9995915,0.9991762,0.9997439,17,1,6,100,103
"500",11,465,0.99938387,0.9995915,0.9991762,0.99968845,17,1,6,1,103
"501",11,466,0.99938387,0.99968845,0.9991762,0.9997439,17,1,6,100,103
"502",11,467,0.99938387,0.9997439,0.9991762,0.99977154,17,100,6,1,103
"503",11,470,0.99938387,0.9997439,0.9993008,0.99977154,17,100,1,1,103
"504",11,474,0.99937004,1.0004084,0.9991623,1.0005608,24,1,1,200,103
"505",11,475,0.99937004,1.0004084,0.9991623,1.0005608,18,1,1,200,103
"506",11,478,0.9994116,1.0004084,0.99937004,1.0005608,37,1,17,200,103
"507",11,479,0.9998131,1.0004084,0.9996608,1.0004222,24,101,1,162,103
"508",11,484,0.9998131,1.0004084,0.9997577,1.0004222,7,101,17,162,103
"509",11,485,0.9997577,1.0004084,0.9996608,1.0004222,17,263,1,7,103
"510",11,488,0.9997577,1.0004084,0.9996608,1.0004222,17,363,1,7,103
"511",11,490,0.9996608,1.0004084,0.9995223,1.0004222,18,363,18,7,103
"512",11,491,0.9996608,1.0004084,0.99938387,1.0006022,18,101,18,16,103
"513",11,492,0.9996608,1.0000346,0.99938387,1.0004084,18,1,18,101,103
"514",11,496,0.9996608,1.0000346,0.99938387,1.0004084,1,1,18,101,103
"515",11,508,0.9996608,1.0000346,0.9993977,1.0004084,1,1,17,101,103
"516",11,512,0.9996608,1.0004084,0.9993977,1.0006022,1,101,17,16,103
"517",11,513,0.9996608,1.0004084,0.99938387,1.0006022,1,101,18,16,103
"518",11,518,0.9996608,1.0000346,0.99938387,1.0004084,1,1,18,201,103
"519",11,519,0.9996608,1.0000346,0.9995085,1.0004084,1,1,17,201,103
"520",11,523,0.9995085,0.9998546,0.99910694,1.0000346,17,300,7,1,103
"521",11,525,0.99910694,0.9998546,0.9990654,1.0000346,24,300,10,1,103
"522",11,526,0.99919003,0.9998546,0.99910694,1.0000346,19,300,17,1,103
"523",11,529,0.9992177,0.9998546,0.99920386,1.0000762,1,300,6,17,103
"524",11,538,0.9992177,0.9998546,0.99920386,1.0000762,1,301,6,17,103
"525",11,539,0.9992177,0.9998546,0.99920386,1.0001038,1,201,6,17,103
"526",11,540,0.9992177,0.9998546,0.99920386,1.0001038,1,101,6,17,103
"527",11,543,0.9992177,0.9998546,0.99920386,1.0001038,1,101,23,17,103
"528",11,544,0.9992177,0.9998546,0.99920386,1.0001038,3,101,23,17,103
"529",11,545,0.9992316,0.9998546,0.9992177,1.0001038,6,101,3,17,103
"530",11,548,0.9992316,0.9998546,0.9992177,1.0001038,24,101,2,17,103
"531",11,549,0.9992316,0.9998546,0.9992177,1.00009,24,101,2,100,103
"532",11,553,0.9992454,0.9998546,0.9992316,1.00009,12,101,18,100,103
"533",11,555,0.9992454,0.9998546,0.9992316,1.00009,29,101,1,100,103
"534",11,560,0.9992454,0.9998546,0.9992177,1.00009,29,101,2,100,103
"535",11,563,0.99935615,0.9998546,0.9992454,1.00009,1,109,23,100,103
"536",11,565,0.99935615,0.9998408,0.9992454,0.9998546,1,115,23,108,103
"537",11,567,0.99935615,0.9998408,0.9992454,0.9998546,1,115,23,107,103
"538",11,568,0.99938387,0.9998408,0.99935615,0.9998546,17,115,1,100,103
"539",11,570,0.99935615,0.9998408,0.9992454,0.9998546,1,115,23,100,103
"540",11,571,0.99935615,0.9998408,0.9992454,0.9998546,1,115,17,100,103
"541",11,573,0.99935615,0.9998408,0.9993285,0.9998546,1,115,17,100,103
"542",11,577,0.9994116,0.9998408,0.9992177,0.9998546,30,115,2,100,103
"543",11,578,0.99943924,0.9998408,0.9994116,0.9998546,6,115,24,100,103
"544",11,579,0.99943924,0.9998408,0.9994116,0.9998546,8,116,24,100,103
"545",11,581,0.99943924,0.9998408,0.9994116,0.9998546,26,116,7,100,103
"546",11,582,0.99973,1.0000485,0.99945307,1.00009,7,1,6,200,103
"547",11,583,0.99973,1.00009,0.99943924,1.0004084,7,200,26,1,103
"548",11,584,0.99943924,1.00009,0.99938387,1.0004084,26,200,17,1,103
"549",11,585,0.9997439,1.00009,0.99943924,1.0004084,77,200,24,1,103
"550",11,586,0.9997439,1.00009,0.99943924,1.0004084,94,201,7,1,103
"551",11,587,0.9997439,1.00009,0.99943924,1.0004084,94,201,6,1,103
"552",11,590,0.9997577,1.00009,0.9997439,1.0004084,17,201,77,1,103
"553",11,591,0.9997577,1.00009,0.9997439,1.0004084,18,201,76,1,103
"554",16,0,1.0003668,1.0009571,1.0002236,1.0011718,90,95,122,102,103
"555",16,4,1.0003668,1.0009571,1.0002415,1.0011718,90,115,100,102,103
"556",16,6,1.0003668,1.0009571,1.0002415,1.0011718,90,97,100,100,103
"557",16,9,1.0003668,1.0009571,1.0002415,1.0011718,90,117,100,100,103
"558",16,13,1.0003668,1.0009571,1.0002415,1.0011718,90,97,100,100,103
"559",16,14,1.0003668,1.0009571,1.0003309,1.0011718,90,97,100,100,103
"560",16,15,1.0003668,1.0009571,1.0003309,1.0011718,90,117,100,100,103
"561",16,17,1.0003668,1.0009571,1.0003309,1.0011718,90,117,100,100,103
"562",16,18,1.0003668,1.0009571,1.0003309,1.0011718,90,97,100,100,103
"563",16,19,1.0003668,1.0009571,1.0002773,1.0011718,90,97,100,100,103
"564",16,20,1.0003668,1.0009571,1.0002773,1.0011718,90,117,100,100,103
"565",16,24,1.0003668,1.0009571,1.0003309,1.0011718,90,99,100,100,103
"566",16,26,1.0003668,1.0009571,1.0003309,1.0011718,90,97,100,100,103
"567",16,27,1.0003668,1.0009571,1.0003309,1.0011718,90,97,100,100,103
"568",16,28,1.0003668,1.0009571,1.0003309,1.0011718,90,117,100,100,103
"569",16,29,1.0003668,1.0009571,1.0002773,1.0011718,90,117,100,100,103
"570",16,30,1.0002773,1.0009392,1.0002058,1.0009571,100,90,2,100,103
"571",16,31,1.0002773,1.0009392,1.0002058,1.0009571,100,90,24,100,103
"572",16,34,1.0002952,1.0009392,1.0002058,1.0009571,100,90,24,100,103
"573",16,35,1.0002952,1.0009392,1.0002058,1.0009571,100,94,24,97,103
"574",16,36,1.0002952,1.0009392,1.0002058,1.0009571,100,114,24,97,103
"575",16,37,1.0003489,1.0009392,1.0002952,1.0009571,90,24,100,97,103
"576",16,39,1.0003489,1.0009392,1.0003309,1.0009571,90,24,100,97,103
"577",16,41,1.0003489,1.0009392,1.0003309,1.0009571,90,4,100,97,103
"578",16,42,1.0003489,1.0009392,1.0003309,1.0009571,90,24,100,97,103
"579",16,48,1.0003489,1.0009392,1.0003309,1.0009571,90,24,100,97,103
"580",16,50,1.0003489,1.0009392,1.0003309,1.0009571,90,4,100,97,103
"581",16,51,1.0003489,1.0009392,1.0003309,1.0009571,90,24,100,97,103
"582",16,52,1.0003489,1.0009392,1.0003309,1.0009571,90,23,100,101,103
"583",16,54,1.0003489,1.0009392,1.000313,1.0009571,90,3,100,101,103
"584",16,59,1.0003489,1.0009392,1.0003309,1.0009571,90,3,100,101,103
"585",16,60,1.0003489,1.0009392,1.0003309,1.0009571,90,23,100,101,103
"586",16,62,1.0003847,1.0009571,1.0003309,1.0011718,90,101,100,100,103
"587",16,67,1.0003847,1.0009392,1.0003309,1.0009571,90,100,100,101,103
"588",16,69,1.0003847,1.0009392,1.000313,1.0009571,90,100,100,6,103
"589",16,77,1.0003847,1.0009392,1.000313,1.0009571,90,110,100,6,103
"590",16,84,1.0003847,1.0009392,1.000313,1.0009571,90,110,100,4,103
"591",16,89,1.0003847,1.0009392,1.0003309,1.0009571,90,110,100,4,103
"592",16,94,1.0007246,1.0014939,1.0007067,1.0016906,90,90,22,7,103
"593",16,98,1.0007246,1.0014939,1.0007067,1.0016906,90,90,32,7,103
"594",16,101,1.0007067,1.0014939,1.0004562,1.0016906,32,90,9,7,103
"595",16,103,1.0007067,1.0014939,1.0004562,1.0017802,110,152,9,22,103
"596",16,104,1.0007067,1.0014939,1.0004562,1.0017802,100,152,9,22,103
"597",16,107,1.0007067,1.001458,1.0004562,1.001476,100,90,9,86,103
"598",16,110,1.0007246,1.001458,1.0007067,1.001476,2,90,100,86,103
"599",16,112,1.0000805,1.0005635,0.9999553,1.0005815,5,90,1,59,103
"600",16,113,1.0000805,1.0005635,0.9999553,1.0007067,5,167,1,100,103
"601",16,115,1.0000805,1.0005635,0.9999553,1.0007424,5,167,1,22,103
"602",16,116,1.0000805,1.0005635,0.9999553,1.0007424,5,167,1,22,103
"603",16,118,1.0000805,1.0005635,0.9999553,1.0007424,3,149,1,22,103
"604",16,126,1.0000805,1.0005635,0.9999553,1.0007782,3,149,1,100,103
"605",16,131,1.0000805,1.0005635,0.9999553,1.0007424,3,59,1,22,103
"606",16,144,0.9999553,1.0005456,0.99993736,1.0005635,1,90,1,61,103
"607",16,149,0.9999553,1.0005635,0.99993736,1.0007424,1,61,1,22,103
"608",16,154,0.9999553,1.0005635,0.99993736,1.0007424,1,61,1,22,103
"609",16,157,1.0002415,1.0010467,1.0002058,1.0012435,112,24,22,117,103
"610",16,158,1.0002415,1.0010467,1.0002058,1.0012435,103,24,22,117,103
"611",16,163,1.0000268,1.0010467,0.9999732,1.0012435,102,24,200,100,103
"612",16,165,1.0002058,1.0010467,1.0000268,1.0012435,22,24,102,100,103
"613",16,166,1.0000268,1.0010467,0.9999732,1.0012435,102,124,200,100,103
"614",16,171,1.0002594,1.0010467,1.0002058,1.0012435,99,124,22,100,103
"615",16,172,1.0000268,1.0010467,0.9999732,1.0012435,102,124,200,100,103
"616",16,182,1.0000268,1.0010467,0.9999732,1.0012435,102,124,200,100,103
"617",16,185,1.0000268,1.0007424,0.9999732,1.0007603,2,90,200,122,103
"618",16,186,0.9999732,1.0007067,0.9999553,1.0007603,200,90,1,100,103
"619",16,188,0.9999732,1.0007067,0.9999553,1.0007603,200,90,1,122,103
"620",16,192,0.9999732,1.0007067,0.9999553,1.0007603,200,90,1,149,103
"621",16,197,0.9999732,1.0007067,0.9999553,1.0007603,200,90,1,127,103
"622",16,199,0.9995438,1.0002415,0.9994901,1.0006888,1,90,1,200,103
"623",16,200,0.9995438,1.0002415,0.9994901,1.0002594,1,90,1,53,103
"624",16,213,0.9995438,1.0002415,0.9994901,1.0006709,1,143,1,100,103
"625",16,215,0.9995438,1.0002415,0.9994901,1.0005099,1,143,1,100,103
"626",16,217,0.9995438,1.0002415,0.9994901,1.0002594,1,143,1,22,103
"627",16,222,0.9995438,1.0002415,0.9994901,1.0005099,1,143,1,100,103
"628",16,223,0.9995438,1.0002415,0.9994901,1.0002594,1,143,1,22,103
"629",16,227,0.9995438,1.0002415,0.9994901,1.0005099,1,143,1,100,103
"630",16,230,0.9995438,1.0002415,0.9994901,1.0005099,1,243,1,100,103
"631",16,233,0.9994007,0.999669,0.9993828,1.0002236,1,153,1,100,103
"632",16,234,0.999347,0.999669,0.9993112,1.0002236,1,153,1,100,103
"633",16,235,0.9993112,0.99965113,0.9992933,0.999669,1,153,1,100,103
"634",16,236,0.9993112,0.99965113,0.9992933,1.0002415,1,53,1,122,103
"635",16,237,0.9993112,0.99965113,0.9992933,1.0002236,1,53,1,100,103
"636",16,238,0.9993112,0.99965113,0.9992933,1.0002236,1,53,1,100,103
"637",16,240,0.9993112,0.99965113,0.9992933,1.0000805,1,53,1,96,103
"638",16,241,0.9993112,0.99965113,0.9992933,1.0000805,1,53,1,128,103
"639",16,245,0.9993112,0.99965113,0.9992933,1.0000805,1,53,1,228,103
"640",16,249,0.9993112,1.0000805,0.9992933,1.0002415,1,328,1,22,103
"641",16,250,0.9993112,0.9997585,0.9992933,1.0000805,1,100,1,328,103
"642",16,253,0.9993112,0.9997585,0.9992933,1.0000805,1,100,1,328,103
"643",16,254,0.9993112,0.9997585,0.9992933,1.0000268,1,100,1,100,103
"644",16,275,0.9993112,1.0000268,0.9992933,1.0000805,1,100,1,132,103
"645",16,289,0.9993112,1.0000268,0.9992933,1.0000805,1,148,1,132,103
"646",16,299,0.9993112,0.9998837,0.9992933,1.0000268,1,90,1,148,103
"647",16,334,0.9993112,0.9998837,0.9992933,1.0000268,1,90,1,148,103
"648",16,345,0.9992396,0.99957955,0.99922174,0.99959743,1,90,1,7,103
"649",16,346,0.99922174,0.9997227,0.999186,0.9997406,1,90,1,22,103
"650",16,347,0.99915016,0.9994543,0.9991323,0.9997406,1,6,1,22,103
"651",16,348,0.99915016,0.9997227,0.9991323,0.9997406,1,90,1,22,103
"652",16,351,0.99915016,0.9997406,0.9991323,0.99986583,1,22,1,100,103
"653",16,352,0.9991681,0.99984795,0.99915016,1.0000268,90,9,1,148,103
"654",16,354,0.9991681,1.0000268,0.99915016,1.0000805,90,148,1,132,103
"655",16,366,0.9991681,0.9998837,0.99915016,1.0000268,90,90,1,148,103
"656",16,372,0.9991681,1.0000268,0.99915016,1.0000805,90,148,1,132,103
"657",16,374,0.9991681,0.9999553,0.99915016,1.0000268,90,109,1,148,103
"658",16,375,0.9991681,1.0000268,0.99915016,1.0000805,90,148,1,132,103
"659",16,377,0.9991681,1.0000268,0.99915016,1.0000805,90,148,1,132,103
"660",16,380,0.9991681,1.0000268,0.99915016,1.0000805,90,100,1,132,103
"661",16,412,0.9991681,0.9998837,0.99915016,1.0000268,90,90,1,100,103
"662",16,414,0.99915016,0.9998837,0.9991323,1.0000268,1,90,1,100,103
"663",16,419,0.9991681,0.9998837,0.99915016,1.0000268,90,90,1,100,103
"664",16,422,0.9991681,1.0000268,0.99915016,1.0000805,90,100,23,132,103
"665",16,427,0.99915016,0.9997406,0.9991323,0.9997585,1,90,1,22,103
"666",16,430,0.9989713,0.9997406,0.9989534,0.9997585,2,99,1,22,103
"667",16,436,0.9989713,0.9997406,0.9989534,0.9997585,2,90,1,122,103
"668",16,437,0.99898916,0.9997406,0.9989713,0.9997585,90,90,2,100,103
"669",16,438,0.99898916,0.9997585,0.9989713,1.0000268,90,100,2,100,103
"670",16,444,0.99898916,0.9997406,0.9989713,0.9997585,90,90,2,100,103
"671",16,469,0.9989713,0.9997406,0.9989534,0.9997585,2,90,1,100,103
"672",16,480,0.9989713,0.9994722,0.9989534,0.9997406,2,100,1,22,103
"673",16,500,0.99898916,0.9994722,0.9989713,0.9997406,90,100,2,22,103
"674",16,508,0.99904287,0.99993736,0.99900705,1.0000805,5,85,100,132,103
"675",16,509,0.99904287,0.9997406,0.99900705,0.99993736,5,100,100,85,103
"676",16,510,0.9992575,1.0000805,0.9991323,1.0002415,22,132,100,22,103
"677",16,511,0.9992575,1.0000805,0.9992396,1.0002415,13,132,1,22,103
"678",16,512,0.9992575,1.0000805,0.9992396,1.0002415,13,132,1,22,103
"679",16,513,0.9992575,1.0000805,0.9992396,1.0002415,13,132,1,22,103
"680",16,515,0.99927545,1.0000805,0.9992396,1.0002415,90,132,1,22,103
"681",16,518,0.99927545,1.0000805,0.9991681,1.0002415,90,132,22,22,103
"682",16,525,0.99927545,1.0000805,0.9991323,1.0002415,90,132,100,22,103
"683",16,526,0.9991323,1.0000805,0.99904287,1.0002415,100,132,5,22,103
"684",16,533,0.9991323,1.0000805,0.99904287,1.0002415,100,132,5,22,103
"685",16,538,0.99927545,1.0000805,0.9991681,1.0002415,103,132,22,22,103
"686",16,540,0.9991323,0.9997227,0.99904287,0.9997406,100,22,5,22,103
"687",16,541,0.9991323,0.9997227,0.99904287,0.9997406,100,122,5,22,103
"688",16,542,0.9991323,0.9997227,0.9989713,0.9997406,100,122,202,22,103
"689",16,547,0.9991323,0.9997227,0.9989713,0.9997406,100,122,200,22,103
"690",16,551,0.9991323,0.9997227,0.9989713,0.9997406,100,22,200,22,103
"691",16,555,0.9991323,0.9997227,0.9989713,1.0000805,100,22,200,132,103
"692",16,556,0.9991323,0.9997227,0.9989713,0.9997585,100,22,200,22,103
"693",16,560,0.9991323,1.0000805,0.9989713,1.0002415,100,132,200,22,103
"694",16,561,0.9991323,0.9997227,0.9989713,1.0000805,100,53,200,132,103
"695",16,565,0.9991323,0.9997227,0.9989713,0.9997585,100,53,200,22,103
"696",16,566,0.9991323,0.9997227,0.99907863,0.9997585,100,53,96,22,103
"697",16,571,0.99881023,0.9992575,0.99879235,0.99927545,1,90,1,75,103
"698",16,572,0.9987566,0.9992575,0.9987387,0.99927545,1,90,2,75,103
"699",16,579,0.9987208,0.9992575,0.9985956,0.99927545,1,90,100,53,103
"700",16,580,0.9987208,0.9992575,0.9985956,0.99927545,1,90,100,63,103
"701",16,581,0.99857765,0.99898916,0.9985598,0.99922174,1,12,1,53,103
"702",16,585,0.9985419,0.9989713,0.998524,0.9992575,1,153,2,22,103
"703",16,587,0.9985419,0.9989713,0.998524,0.9992575,1,53,2,22,103
"704",16,594,0.9985419,0.9989713,0.998524,0.9992575,1,65,2,22,103
"705",31,0,0.9995792,1.0003085,0.99939686,1.0003927,2,21,3,200,103
"706",31,4,0.99939686,1.0003085,0.9990883,1.0003927,3,21,18,200,103
"707",31,16,0.99939686,1.0003927,0.9990883,1.0004909,3,200,18,18,103
"708",31,17,0.99939686,1.0003927,0.9990883,1.0004909,3,200,18,18,103
"709",31,20,0.99939686,1.0003927,0.9990883,1.0004629,3,200,18,1,103
"710",31,21,0.99939686,1.0003927,0.9990883,1.0004488,3,200,18,1,103
"711",31,24,0.99939686,1.0003927,0.9990883,1.0004909,3,200,18,18,103
"712",31,25,0.99964935,1.0003927,0.99939686,1.000505,18,200,3,1,103
"713",31,26,0.99964935,1.0003927,0.99939686,1.0004488,18,100,3,1,103
"714",31,28,0.99939686,1.0003927,0.9990883,1.0004909,3,100,18,18,103
"715",31,29,0.99939686,1.0003927,0.9990883,1.0004909,3,101,18,18,103
"716",31,37,0.99939686,1.0003927,0.9990883,1.0004909,3,100,18,18,103
"717",31,38,0.99939686,1.0003927,0.9990883,1.0004909,3,101,18,18,103
"718",31,40,0.99939686,1.0003927,0.9990883,1.0004909,3,100,18,18,103
"719",31,49,0.99939686,1.0003927,0.9990883,1.0004909,3,101,18,18,103
"720",31,59,0.99939686,1.0003927,0.9990883,1.0006031,3,101,18,101,103
"721",31,62,0.99939686,1.0003927,0.9990883,1.0004488,3,101,18,18,103
"722",31,71,0.9995231,1.0003927,0.99939686,1.0006031,1,101,3,101,103
"723",31,78,0.99939686,1.0003927,0.9990883,1.0004909,3,101,18,18,103
"724",31,99,0.99939686,1.0003927,0.9990883,1.0004909,3,102,18,18,103
"725",31,107,0.99939686,1.0003787,0.9990883,1.0003927,3,20,18,102,103
"726",31,110,0.99939686,1.0003787,0.9990883,1.0003927,3,21,18,101,103
"727",31,111,0.99939686,1.0003787,0.9990883,1.0003927,3,22,18,101,103
"728",31,115,0.99939686,1.0003787,0.9990883,1.0003927,3,4,18,101,103
"729",31,121,0.99939686,1.0003787,0.9990883,1.0003927,3,5,18,101,103
"730",31,145,0.99939686,1.0000842,0.9990883,1.0003787,3,20,18,5,103
"731",31,149,0.99939686,1.0000842,0.9990883,1.0003085,3,20,18,2,103
"732",31,156,0.99939686,1.0000842,0.9990883,1.0002384,3,20,18,2,103
"733",31,162,0.99939686,1.0000842,0.9990883,1.0003927,3,20,18,101,103
"734",31,165,0.99939686,1.0000842,0.9990883,1.0001122,3,20,18,1,103
"735",31,167,0.99939686,1.0000842,0.9990883,1.0001122,3,20,18,2,103
"736",31,171,0.99939686,1.0000842,0.9990883,1.0001403,3,20,18,6,103
"737",31,178,0.99939686,1.0001403,0.9990883,1.0003927,3,6,18,100,103
"738",31,184,0.99939686,1.0001403,0.9990883,1.0003927,3,6,18,100,103
"739",31,190,0.99939686,1.0000842,0.9990883,1.0001403,3,1,18,2,103
"740",31,191,0.99939686,1.0000701,0.9990883,1.0000842,3,1,18,1,103
"741",31,193,0.99939686,1.0000701,0.9990883,1.0000842,3,1,18,1,103
"742",31,194,0.99939686,1.0000701,0.9990883,1.0003927,3,1,18,10,103
"743",31,196,0.99939686,1.0000701,0.9990883,1.0000842,3,1,18,2,103
"744",31,197,0.99939686,1.0000701,0.9990883,1.0000842,3,1,18,3,103
"745",31,202,0.99939686,1.0000701,0.9990883,1.0000842,3,1,18,3,103
"746",31,203,0.99939686,1.0000701,0.9990883,1.0000842,3,1,18,103,103
"747",31,230,0.99939686,1,0.9990883,1.0000701,3,1,18,1,103
"748",31,233,0.99939686,1.0000701,0.9990883,1.0000842,3,2,18,100,103
"749",31,234,0.99939686,1.0000701,0.9990883,1.0000842,3,4,18,100,103
"750",31,235,0.99939686,1.0000701,0.9990883,1.0000842,3,3,18,100,103
"751",31,238,0.99939686,1.0000701,0.9990883,1.0000842,3,5,18,100,103
"752",31,314,0.99939686,1.0000701,0.99938285,1.0000842,3,1,1,100,103
"753",31,315,0.99939686,1.0000701,0.99938285,1.0000842,3,4,1,100,103
"754",31,321,0.99939686,1.0000701,0.99938285,1.0000842,3,1,1,100,103
"755",31,322,0.99939686,1.0000141,0.9990883,1.0000701,3,3,18,1,103
"756",31,350,0.99939686,1.0000141,0.9992005,1.0000842,3,3,2,101,103
"757",31,352,0.99939686,1.0000141,0.9990883,1.000028,3,4,18,10,103
"758",31,367,0.99939686,1.0000141,0.9990883,1.000028,3,1,18,10,103
"759",31,390,0.99939686,1.0000141,0.9992005,1.000028,3,1,2,10,103
"760",31,408,0.9992005,1.0000141,0.9990883,1.000028,2,1,18,10,103
"761",31,410,0.9990883,1.0000141,0.99893403,1.000028,18,1,10,10,103
"762",31,413,0.9990883,1.000028,0.99893403,1.0000842,18,10,10,101,103
"763",31,430,0.9990883,1.000028,0.99893403,1.0000421,18,10,10,2,103
"764",31,438,0.99939686,1.000028,0.9990883,1.0000421,2,10,18,2,103
"765",31,442,0.9986535,0.9992286,0.9985553,0.9995231,1,100,18,100,103
"766",31,443,0.9986535,0.9995231,0.9985553,0.9995512,1,100,18,1,103
"767",31,445,0.9986535,0.9993127,0.9985553,0.9995512,1,1,18,1,103
"768",31,446,0.9986535,0.9992286,0.9985553,0.9992426,1,100,18,27,103
"769",31,447,0.9986535,0.9992286,0.9985553,0.9992426,1,100,18,53,103
"770",31,456,0.99866754,0.9992286,0.9986535,0.9992426,1,100,1,53,103
"771",31,466,0.9986535,0.9992286,0.9985553,0.9992426,1,100,18,53,103
"772",31,499,0.9982327,0.9992426,0.9980925,0.99942493,1,53,1,1,103
"773",31,511,0.9982327,0.9990182,0.9980925,0.9992426,1,17,1,53,103
"774",31,516,0.9982327,0.9990182,0.9980925,0.9992286,1,17,1,1,103
"775",31,521,0.9982608,0.99915844,0.9982467,0.9992286,20,17,10,1,103
"776",31,526,0.9982608,0.99915844,0.9980925,0.9992286,10,17,1,1,103
"777",31,535,0.9980925,0.9992286,0.9980644,0.9992426,1,1,1,53,103
"778",31,537,0.9987938,0.9992286,0.9980925,0.9992426,30,1,1,53,103
"779",31,541,0.9987938,0.9992286,0.9985834,0.9992426,30,1,1,53,103
"780",31,550,0.9987938,0.9992286,0.99863946,0.9992426,30,1,17,53,103
"781",31,557,0.9987938,0.9992286,0.99863946,0.9992426,20,1,17,53,103
"782",31,586,0.9987938,0.9992286,0.9985834,0.9992426,20,101,1,53,103
"783",31,591,0.9987938,0.9992286,0.9985834,0.9992426,20,1,1,53,103
"784",62,0,0.99974847,1.000424,0.9997341,1.0004385,15,11,19,7,103
"785",62,2,0.99974847,1.000424,0.9997341,1.0004385,15,10,19,7,103
"786",62,4,0.99974847,1.000424,0.9997341,1.0004385,15,10,19,7,103
"787",62,6,0.99974847,1.000424,0.9997341,1.0004385,15,10,19,7,103
"788",62,19,1.0001078,1.0007977,1.000079,1.0010277,4,101,14,200,103
"789",62,20,1.0001509,1.0010277,1.0001222,1.0010709,4,208,100,18,103
"790",62,21,1.0001509,1.0010277,1.0001222,1.0010709,109,208,100,18,103
"791",62,23,1.0001509,1.0010277,1.0001222,1.0010709,109,212,100,19,103
"792",62,24,1.0001509,1.000999,1.0001222,1.0010277,109,101,100,212,103
"793",62,25,1.0001509,1.000999,1.0001222,1.0010277,109,100,100,212,103
"794",62,27,1.0001509,1.000999,1.0001222,1.0010277,109,101,100,212,103
"795",62,30,1.0001509,1.000999,1.0001222,1.0010277,209,101,100,212,103
"796",62,45,1.0001509,1.000999,1.0001222,1.0010277,209,100,100,212,103
"797",62,48,1.0001509,1.000999,1.0001222,1.0010277,209,101,100,212,103
"798",62,49,1.0001509,1.0009847,1.0001222,1.000999,209,1,100,100,103
"799",62,50,1.0001509,1.000999,1.0001222,1.0010277,209,100,100,112,103
"800",62,52,1.0001509,1.0010277,1.0001222,1.0011283,209,12,100,1,103
"801",62,53,1.0001509,1.0010277,1.0001222,1.0010996,209,12,100,1,103
"802",62,56,1.0001509,1.0010277,1.0001222,1.0012434,209,9,100,45,103
"803",62,57,1.0001509,1.0010277,1.0001222,1.0012434,209,9,100,45,103
"804",62,61,1.0001509,1.0010277,1.0001222,1.0012289,209,8,100,1,103
"805",62,63,1.0001509,1.0010277,1.0001222,1.0012002,209,8,100,1,103
"806",62,69,1.0001509,1.0010277,1.0001222,1.0011572,209,8,100,1,103
"807",62,72,1.0001509,1.0010277,1.0001222,1.0011283,209,9,100,19,103
"808",62,73,1.0001509,1.0010277,1.0001222,1.001114,209,8,100,1,103
"809",62,79,1.0002515,1.0010277,1.0001509,1.0012434,19,8,209,45,103
"810",62,83,1.0002515,1.0008984,1.0001509,1.0010277,19,1,209,8,103
"811",62,85,1.0002515,1.0010277,1.0001509,1.0012434,19,8,209,45,103
"812",62,90,1.000266,1.0010277,1.0002515,1.0012434,10,8,19,45,103
"813",62,92,1.0002515,1.0010277,1.0001509,1.0012434,19,9,209,45,103
"814",62,93,1.0003378,1.0010277,1.0002515,1.0012434,104,8,19,45,103
"815",62,94,1.0003521,1.0010277,1.0003378,1.0012434,4,8,200,45,103
"816",62,95,1.0003521,1.0010134,1.0003378,1.0010277,5,1,204,8,103
"817",62,96,1.0003378,1.0008984,1.0002515,1.0010277,204,1,19,8,103
"818",62,97,1.0003378,1.0008984,1.0002515,1.0010134,204,1,19,1,103
"819",62,98,1.0003378,1.0008984,1.0002515,1.0009702,204,97,19,1,103
"820",62,101,1.0003378,1.0008984,1.0002515,1.0009702,204,98,19,1,103
"821",62,102,1.0003378,1.0008984,1.0002515,1.0009702,204,97,19,1,103
"822",62,106,1.0003521,1.0008984,1.0003378,1.0009702,10,1,204,97,103
"823",62,107,1.0003378,1.0009702,1.0002515,1.0010277,204,97,19,9,103
"824",62,108,1.0004528,1.0009702,1.0003378,1.0010277,104,97,100,9,103
"825",62,109,1.0004528,1.0008984,1.0002515,1.0009702,207,1,19,97,103
"826",62,110,1.0004528,1.0009702,1.0002515,1.0010277,307,97,19,8,103
"827",62,111,1.0004528,1.0008984,1.0002515,1.0010277,307,1,19,105,103
"828",62,115,1.0004528,1.0010277,1.0002515,1.0010709,307,105,19,1,103
"829",62,121,1.0004528,1.0008984,1.0002515,1.0010277,307,1,19,106,103
"830",62,122,1.0004672,1.0008984,1.0004528,1.0010277,10,1,308,105,103
"831",62,127,1.0004672,1.0008984,1.0004528,1.0010134,10,1,308,1,103
"832",62,129,1.0004672,1.0008984,1.0004528,1.0010277,10,1,308,105,103
"833",62,130,1.0005246,1.0008984,1.0004528,1.0010277,4,1,304,105,103
"834",62,131,1.0005246,1.0008984,1.0004528,1.0010277,17,1,201,105,103
"835",62,132,1.0005246,1.0010277,1.0004528,1.0012002,17,105,201,1,103
"836",62,136,1.0005246,1.0010277,1.0004528,1.0012002,18,105,201,1,103
"837",62,143,1.0005246,1.0010277,1.0004528,1.0011859,18,105,201,1,103
"838",62,146,1.0005534,1.0010277,1.0005246,1.0011572,10,105,118,1,103
"839",62,149,1.0005246,1.0010277,1.0004528,1.0011715,118,105,101,1,103
"840",62,153,1.0005246,1.0010277,1.0004528,1.0012146,118,105,101,1,103
"841",62,155,1.0005246,1.0010134,1.0004528,1.0010277,118,1,101,105,103
"842",62,157,1.0002515,1.0010277,1.0001222,1.0012434,18,105,100,45,103
"843",62,158,1.0003378,1.0010277,1.0002515,1.0012434,100,105,18,45,103
"844",62,159,1.0003378,1.0008265,1.0002515,1.0010277,100,97,18,8,103
"845",62,163,1.0003378,1.0008265,1.0002515,1.0008409,100,97,18,1,103
"846",62,168,1.0003378,1.0008265,1.0002515,1.0008409,100,97,18,1,103
"847",62,172,1.0003378,1.0008265,1.0002515,1.000999,100,98,18,1,103
"848",62,176,1.0003378,1.0008265,1.0002515,1.000999,100,97,18,2,103
"849",62,181,1.0003378,1.000999,1.0002515,1.0010277,100,99,18,8,103
"850",62,188,1.0003378,1.000999,1.0002515,1.0010277,100,98,18,15,103
"851",62,192,1.0003378,1.0010277,1.0002515,1.0012434,100,112,18,45,103
"852",62,193,1.0003378,1.0010277,1.0002515,1.0011572,100,112,18,18,103
"853",62,194,1.0003378,1.0010277,1.0001222,1.0011572,100,112,100,18,103
"854",62,198,1.0003378,1.0010277,1.0001222,1.0011572,100,15,100,18,103
"855",62,199,1.0003378,1.000999,1.0001222,1.0010277,100,1,100,14,103
"856",62,202,1.0003378,1.000999,1.0002515,1.0010277,100,1,18,14,103
"857",62,203,1.0003378,1.0010277,1.0002515,1.0011572,100,15,18,18,103
"858",62,206,1.0003809,1.0010277,1.0003378,1.0011572,10,15,100,18,103
"859",62,207,1.0003378,1.0010277,1.0002515,1.0011572,100,15,18,18,103
"860",62,210,1.0003809,1.0010277,1.0003378,1.0011572,11,15,100,18,103
"861",62,211,1.0003809,1.0010277,1.0003378,1.0011572,11,15,200,18,103
"862",62,213,1.0003809,1.0010277,1.0003378,1.0011572,1,15,200,18,103
"863",62,230,1.0003809,1.0010277,1.0003378,1.0012434,1,15,200,45,103
"864",62,232,1.0003809,1.0010277,1.0003378,1.0012434,1,15,200,45,103
"865",62,240,1.0003809,1.0010277,1.0003378,1.0010996,1,15,200,19,103
"866",62,251,1.0003809,1.0010277,1.0003378,1.0012434,1,15,200,45,103
"867",62,275,1.0003809,1.0010134,1.0003378,1.0010277,1,1,200,14,103
"868",62,279,1.0003809,1.0009558,1.0003378,1.0010134,1,100,200,1,103
"869",62,280,1.0003809,1.0009558,1.0003378,1.000999,1,100,200,1,103
"870",62,281,1.0003809,1.0009558,1.0003378,1.0010277,1,100,200,15,103
"871",62,282,1.0003809,1.0009558,1.0003378,1.0010277,1,100,200,14,103
"872",62,283,1.0003809,1.0009558,1.0003378,1.0010277,1,100,200,15,103
"873",62,294,1.0003809,1.0009558,1.0003378,1.0010277,1,101,200,14,103
"874",62,296,1.0003809,1.0008552,1.0003378,1.0009558,1,97,200,101,103
"875",62,297,1.0003809,1.0008552,1.0003378,1.0008984,1,97,200,1,103
"876",62,298,1.0003809,1.0008552,1.0003378,1.0008984,1,97,200,1,103
"877",62,299,1.0003809,1.0008552,1.0003378,1.0009558,1,98,200,101,103
"878",62,309,1.0003809,1.0008552,1.0003378,1.0009558,1,198,200,101,103
"879",62,312,1.0003809,1.0009558,1.0003378,1.0010277,1,100,200,15,103
"880",62,313,1.0003809,1.0009558,1.0003378,1.0010277,1,100,100,15,103
"881",62,316,1.0003809,1.0009558,1.0003378,1.0010277,1,100,100,1,103
"882",62,332,1.0003809,1.0010277,1.0003378,1.001114,1,1,100,1,103
"883",62,336,1.0003809,1.0010277,1.0002372,1.001114,1,1,19,1,103
"884",62,341,1.0003809,1.0010277,1.0003378,1.001114,1,1,100,1,103
"885",62,363,1.0003809,1.0010277,1.0003378,1.001114,1,68,100,1,103
"886",62,364,1.0003809,1.0010277,1.0003378,1.001114,1,68,200,1,103
"887",62,373,1.0003809,1.0010277,1.0003378,1.001114,1,68,210,1,103
"888",62,378,1.0004096,1.0010277,1.0003809,1.001114,10,68,1,1,103
"889",62,379,1.0003809,1.0010277,1.0003378,1.001114,1,68,200,1,103
"890",62,383,1.0003809,1.0010277,1.0003378,1.001114,1,81,200,1,103
"891",62,384,1.0003809,1.0010277,1.0003378,1.001114,1,169,200,1,103
"892",62,391,1.0003809,1.0010277,1.0003378,1.001114,1,169,207,1,103
"893",62,394,1.0003809,1.0009558,1.0003378,1.0010277,1,1,207,167,103
"894",62,395,1.0003809,1.0009558,1.0003378,1.0010277,1,3,207,165,103
"895",62,397,1.0003809,1.0009558,1.0003378,1.0010277,1,3,207,166,103
"896",62,404,1.0003809,1.0009415,1.0003378,1.0009558,1,1,207,2,103
"897",62,405,1.0003809,1.0009415,1.0003378,1.0010277,1,1,207,166,103
"898",62,406,1.0003809,1.0009415,1.0003378,1.0010277,1,1,207,166,103
"899",62,418,1.0003809,1.0009415,1.0003378,1.0009558,1,1,207,1,103
"900",62,428,1.0000935,1.000309,0.99974847,1.0003809,2,1,1,100,103
"901",62,429,0.99974847,1.0001941,0.9997197,1.0004959,1,101,18,1,103
"902",62,430,0.99974847,1.0001941,0.9995041,1.0004959,3,1,100,1,103
"903",62,431,0.99974847,1.0001941,0.9995041,1.0004096,3,1,100,100,103
"904",62,432,0.99974847,1.0001941,0.9995041,1.0004096,3,2,100,100,103
"905",62,443,0.99974847,1.0001941,0.9995041,1.0004096,3,4,100,100,103
"906",62,463,0.99974847,1.0001941,0.999576,1.0004096,3,4,1,100,103
"907",62,465,0.99974847,1.0001941,0.999576,1.0004096,3,5,1,100,103
"908",62,478,0.99974847,1.0001941,0.9997341,1.0004096,3,5,19,100,103
"909",62,479,0.99976283,1.0001796,0.99974847,1.0001941,7,1,3,4,103
"910",62,481,0.9997772,1.0001796,0.99976283,1.0001941,7,1,7,4,103
"911",62,482,0.99979156,1.0001796,0.9997772,1.0001941,27,1,7,4,103
"912",62,484,0.9998059,1.0001796,0.99979156,1.0001941,7,1,17,4,103
"913",62,486,0.99974847,1.0001796,0.9997341,1.0001941,3,1,19,4,103
"914",62,487,0.99974847,1.0001796,0.999576,1.0001941,3,1,101,4,103
"915",62,494,0.99974847,1.0001796,0.9997197,1.0001941,3,1,19,4,103
"916",62,497,0.9997772,1.0001796,0.99976283,1.0001941,6,1,6,3,103
"917",62,499,0.99979156,1.0001796,0.9997772,1.0001941,6,1,6,3,103
"918",62,503,0.99979156,1.0001796,0.9997772,1.0001941,6,1,6,1,103
"919",62,506,0.99982035,1.0001796,0.9998059,1.0001941,16,1,16,1,103
"920",62,508,0.99974847,1.0001796,0.9997197,1.0001941,1,1,19,1,103
"921",62,510,0.9998491,1.0001796,0.99974847,1.0001941,10,1,1,51,103
"922",62,515,0.99974847,1.0001796,0.9997197,1.0001941,1,1,19,51,103
"923",62,519,0.99974847,1.0001796,0.9997197,1.0001941,1,1,19,1,103
"924",62,524,0.9999353,1.0001796,0.99992096,1.0001941,6,1,6,1,103
"925",62,532,0.9999353,1.0001509,0.99992096,1.0001796,6,48,6,1,103
"926",62,555,0.99992096,1.0001509,0.99990654,1.0001796,6,48,6,1,103
"927",62,557,0.99974847,1.0003809,0.9997197,1.0004096,1,1,18,100,103
"928",62,558,1.0001509,1.0004096,1.0001365,1.0010277,10,101,11,100,103
"929",62,559,1.0001365,1.0010277,1.0001222,1.0011715,1,100,1,18,103
"930",62,560,1.0004096,1.0010277,1.0001653,1.0011715,100,100,1,18,103
"931",62,561,1.0001653,1.0010277,0.99974847,1.0011715,1,100,1,18,103
"932",62,562,0.99996406,1.0010277,0.9999497,1.0011715,10,100,100,18,103
"933",62,568,0.99996406,1.0010277,0.99986345,1.0011715,10,100,1,18,103
"934",62,569,0.99996406,1.0008696,0.99986345,1.0010277,10,1,1,100,103
"935",62,572,0.99996406,1.0008696,0.99986345,1.0010277,11,1,1,100,103
"936",62,584,1.000266,1.0008696,1.0002515,1.0010277,18,1,1,100,103
"937",62,585,1.000266,1.0008696,0.99996406,1.0010277,18,1,1,100,103
"938",62,587,0.99996406,1.0008696,0.99986345,1.0010277,1,1,1,100,103
"939",62,588,0.99996406,1.0008696,0.99986345,1.0011715,1,1,1,18,103
"940",62,589,1.0002515,1.0009415,0.99996406,1.0011715,1,1,1,18,103
"941",62,590,1.0002515,1.0010421,0.99996406,1.0011715,1,1,1,18,103
"942",62,594,1.0002947,1.0010421,1.0002515,1.0013008,18,1,1,1,103
