"","time_id","seconds_in_bucket","bid_price1","ask_price1","bid_price2","ask_price2","bid_size1","ask_size1","bid_size2","ask_size2","stock_id"
"1",5,0,1.0009149,1.0020738,1.0008539,1.0027448,305,132,53,32,30
"2",5,4,1.0009149,1.0020128,1.0008539,1.0020738,305,100,53,32,30
"3",5,8,1.0009149,1.0020128,1.0008539,1.0020738,309,100,53,32,30
"4",5,15,1.000976,1.0020128,1.0009149,1.0020738,2,100,309,32,30
"5",5,16,1.000976,1.0019518,1.0009149,1.0020128,2,5,409,100,30
"6",5,17,1.000976,1.0019518,1.0009149,1.0020128,11,5,500,100,30
"7",5,18,1.000976,1.0020738,1.0009149,1.0024397,11,32,500,100,30
"8",5,19,1.000976,1.0020738,1.0009149,1.0024397,111,32,400,100,30
"9",5,20,1.000976,1.0020738,1.0009149,1.0027448,243,32,300,32,30
"10",5,21,1.000976,1.0020738,1.0009149,1.0025618,243,32,300,100,30
"11",5,26,1.000976,1.0025008,1.0009149,1.0025618,243,100,300,100,30
"12",5,28,1.000976,1.0025618,1.0009149,1.0027448,243,100,300,32,30
"13",5,29,1.0010369,1.0025618,1.000976,1.0027448,309,100,434,32,30
"14",5,30,1.0016469,1.0027448,1.0013418,1.0031106,9,32,8,32,30
"15",5,31,1.0016469,1.0027448,1.0013418,1.0033547,309,32,8,132,30
"16",5,32,1.0016469,1.0032327,1.0013418,1.0033547,409,132,8,200,30
"17",5,35,1.0017078,1.0032327,1.0016469,1.0033547,9,232,500,200,30
"18",5,37,1.0017078,1.0032936,1.0016469,1.0033547,10,132,500,200,30
"19",5,38,1.0017078,1.0032936,1.0016469,1.0033547,10,100,500,200,30
"20",5,39,1.0017078,1.0032327,1.0016469,1.0033547,410,100,100,200,30
"21",5,43,1.0017078,1.0032936,1.0016469,1.0033547,410,130,100,200,30
"22",5,44,1.0017078,1.0030497,1.0016469,1.0032936,415,5,100,130,30
"23",5,45,1.0017078,1.0030497,1.0016469,1.0033547,415,5,100,200,30
"24",5,46,1.0017688,1.0030497,1.0017078,1.0033547,114,5,301,200,30
"25",5,47,1.0017688,1.0030497,1.0017078,1.0033547,121,5,352,200,30
"26",5,48,1.0017688,1.0030497,1.0017078,1.0033547,121,5,351,200,30
"27",5,49,1.0018299,1.0030497,1.0017688,1.0033547,114,5,158,200,30
"28",5,50,1.0018299,1.0030497,1.0017688,1.0033547,115,5,152,200,30
"29",5,51,1.0018299,1.0030497,1.0017688,1.0033547,247,5,51,200,30
"30",5,52,1.0018299,1.0032327,1.0017688,1.0033547,247,5,51,200,30
"31",5,53,1.0018299,1.0030497,1.0017688,1.0032327,247,5,51,5,30
"32",5,54,1.0018299,1.0030497,1.0017688,1.0032327,215,5,51,5,30
"33",5,59,1.0018299,1.0030497,1.0017688,1.0032327,215,5,83,5,30
"34",5,60,1.0018908,1.0030497,1.0018299,1.0032327,223,5,201,5,30
"35",5,61,1.0019518,1.0030497,1.0018908,1.0032327,315,5,109,5,30
"36",5,62,1.0019518,1.0030497,1.0018908,1.0032327,315,5,108,5,30
"37",5,63,1.0019518,1.0029887,1.0018908,1.0032327,315,5,108,5,30
"38",5,64,1.0019518,1.0029887,1.0018908,1.0032327,315,5,108,5,30
"39",5,66,1.0019518,1.0029887,1.0018908,1.0032327,315,5,108,5,30
"40",5,67,1.0019518,1.0029887,1.0018908,1.0032327,315,5,108,5,30
"41",5,68,1.0019518,1.0030497,1.0018908,1.0032327,315,100,108,5,30
"42",5,74,1.0020128,1.0032327,1.0019518,1.0033547,322,5,152,100,30
"43",5,75,1.0020128,1.0032327,1.0019518,1.0033547,324,5,152,100,30
"44",5,76,1.0020128,1.0030497,1.0019518,1.0032327,216,5,151,5,30
"45",5,80,1.0020738,1.0030497,1.0020128,1.0031106,218,105,1,5,30
"46",5,81,1.0020738,1.0030497,1.0019518,1.0031106,218,105,100,5,30
"47",5,82,1.0020738,1.0030497,1.0019518,1.0031106,217,105,100,5,30
"48",5,83,1.0020738,1.0030497,1.0019518,1.0031106,217,205,100,5,30
"49",5,87,1.0020738,1.0030497,1.0019518,1.0031106,221,205,100,5,30
"50",5,92,1.0021348,1.0030497,1.0020738,1.0031106,471,205,102,5,30
"51",5,93,1.0021348,1.0026227,1.0020738,1.0030497,571,1,2,205,30
"52",5,94,1.0021348,1.0026227,1.0020738,1.0030497,471,1,2,205,30
"53",5,99,1.0019518,1.0026227,1.0018908,1.0030497,4,1,100,205,30
"54",5,107,1.0019518,1.0026227,1.0018908,1.0030497,4,1,100,206,30
"55",5,110,1.0019518,1.0025618,1.0018908,1.0026227,4,100,100,1,30
"56",5,111,1.0019518,1.0022568,1.0018908,1.0025618,4,3,100,1,30
"57",5,112,1.0015248,1.0022568,1.0014639,1.0024397,105,3,102,5,30
"58",5,113,1.0015248,1.0022568,1.0014639,1.0024397,105,3,102,1,30
"59",5,114,1.0015248,1.0022568,1.0014639,1.0026227,105,3,2,101,30
"60",5,115,1.0015248,1.0022568,1.0014639,1.0026227,105,3,2,1,30
"61",5,116,1.0015248,1.0022568,1.0014639,1.0026227,105,1,2,1,30
"62",5,117,1.0015248,1.0022568,1.0014639,1.0026227,105,1,2,6,30
"63",5,131,1.0015248,1.0022568,1.0014639,1.0026227,109,1,2,6,30
"64",5,134,1.0015248,1.0020738,1.0014639,1.0022568,109,1,2,1,30
"65",5,135,1.0015248,1.0022568,1.0014639,1.0026227,109,1,2,5,30
"66",5,140,1.0015248,1.0022568,1.0014639,1.0026227,109,1,2,105,30
"67",5,146,1.0015858,1.0022568,1.0015248,1.0026227,2,1,109,105,30
"68",5,148,1.0015858,1.0026227,1.0015248,1.0026838,2,105,109,32,30
"69",5,150,1.0015858,1.0025618,1.0015248,1.0026227,6,5,105,100,30
"70",5,152,1.0019518,1.0030497,1.0016469,1.0033547,6,100,1,100,30
"71",5,154,1.0019518,1.0030497,1.0017688,1.0033547,106,100,32,100,30
"72",5,166,1.0020128,1.0030497,1.0019518,1.0033547,8,100,102,100,30
"73",5,170,1.0020128,1.0030497,1.0019518,1.0033547,108,100,2,100,30
"74",5,171,1.0020738,1.0030497,1.0020128,1.0033547,8,100,100,100,30
"75",5,172,1.0020738,1.0030497,1.0020128,1.0031106,8,100,100,5,30
"76",5,176,1.0020738,1.0030497,1.0019518,1.0031106,108,100,2,5,30
"77",5,186,1.0025618,1.0040866,1.0021958,1.0041476,108,132,6,32,30
"78",5,188,1.0026838,1.0040866,1.0026227,1.0041476,11,100,1,32,30
"79",5,189,1.0026838,1.0041476,1.0026227,1.0043916,211,32,1,132,30
"80",5,191,1.0026838,1.0041476,1.0026227,1.0043916,211,32,1,132,30
"81",5,194,1.0026838,1.0041476,1.0026227,1.0043916,243,32,1,132,30
"82",5,195,1.0026838,1.0041476,1.0026227,1.0043916,243,32,1,100,30
"83",5,197,1.0028057,1.0041476,1.0027448,1.0043916,8,32,2,132,30
"84",5,199,1.0028057,1.0041476,1.0027448,1.0043916,38,32,2,132,30
"85",5,201,1.0028667,1.0041476,1.0028057,1.0043916,110,32,30,100,30
"86",5,203,1.0029278,1.0041476,1.0028667,1.0043916,108,32,102,100,30
"87",5,204,1.0029887,1.0041476,1.0029278,1.0043916,10,32,100,100,30
"88",5,205,1.0029887,1.0041476,1.0029278,1.0043916,40,32,100,100,30
"89",5,207,1.0029887,1.0041476,1.0029278,1.0043916,44,32,100,100,30
"90",5,208,1.0032327,1.0043916,1.0029887,1.0048796,14,100,230,32,30
"91",5,209,1.0032327,1.0043916,1.0029887,1.0048796,2,100,242,32,30
"92",5,213,1.0032327,1.0043916,1.0029887,1.0048796,14,100,230,32,30
"93",5,215,1.0032327,1.0043916,1.0029887,1.0048796,214,100,30,32,30
"94",5,216,1.0032327,1.0043916,1.0029278,1.0048796,214,100,100,32,30
"95",5,218,1.0032327,1.0043916,1.0029278,1.0048796,214,100,100,32,30
"96",5,220,1.0032936,1.0043916,1.0032327,1.0048796,112,100,202,32,30
"97",5,224,1.0032936,1.0042696,1.0032327,1.0043916,212,1,202,100,30
"98",5,225,1.0033547,1.0043916,1.0032936,1.0048796,16,100,200,32,30
"99",5,226,1.0033547,1.0043916,1.0032936,1.0048796,4,100,212,32,30
"100",5,227,1.0033547,1.0043306,1.0032936,1.0043916,4,1,212,100,30
"101",5,228,1.0033547,1.0043306,1.0032936,1.0043916,4,1,312,100,30
"102",5,229,1.0033547,1.0043306,1.0032936,1.0043916,4,1,412,100,30
"103",5,232,1.0033547,1.0043306,1.0032936,1.0043916,4,1,412,100,30
"104",5,233,1.0033547,1.0043916,1.0032936,1.0048796,4,1,412,32,30
"105",5,235,1.0033547,1.0043306,1.0032936,1.0048796,4,1,412,32,30
"106",5,239,1.0034157,1.0048796,1.0032936,1.0053065,112,32,400,55,30
"107",5,240,1.0034157,1.0048186,1.0032936,1.0048796,117,100,400,32,30
"108",5,241,1.0042086,1.0048186,1.0032936,1.0048796,219,1,200,32,30
"109",5,242,1.0042086,1.0048186,1.0039647,1.0048796,319,1,100,32,30
"110",5,244,1.0043306,1.0047575,1.0042086,1.0053065,100,101,100,55,30
"111",5,247,1.0043306,1.0054284,1.0042086,1.0056114,100,300,100,150,30
"112",5,249,1.0045745,1.0056114,1.0043306,1.0056725,100,50,100,32,30
"113",5,250,1.0045745,1.0056114,1.0043306,1.0056725,100,50,100,32,30
"114",5,254,1.0046356,1.0056114,1.0045745,1.0056725,2,50,100,32,30
"115",5,260,1.0046356,1.0056114,1.0045745,1.0056725,102,50,100,32,30
"116",5,264,1.0046356,1.0056114,1.0045745,1.0056725,102,50,198,32,30
"117",5,268,1.0046356,1.0054895,1.0045745,1.0055505,102,100,198,150,30
"118",5,275,1.0046356,1.0055505,1.0045745,1.0056114,102,150,198,50,30
"119",5,276,1.0046356,1.0054895,1.0045745,1.0055505,102,150,198,150,30
"120",5,280,1.0046356,1.0054895,1.0045745,1.0055505,200,119,98,150,30
"121",5,287,1.0046356,1.0054895,1.0045745,1.0055505,200,51,98,150,30
"122",5,288,1.0050625,1.0062824,1.0046966,1.0063434,101,20,100,50,30
"123",5,289,1.0050625,1.0062214,1.0046966,1.0063434,100,100,100,50,30
"124",5,290,1.0051235,1.0059774,1.0050625,1.0063434,2,100,100,50,30
"125",5,292,1.0053675,1.0063434,1.0051845,1.0064044,2,100,200,30,30
"126",5,293,1.0053675,1.0063434,1.0050625,1.0064044,2,100,100,30,30
"127",5,295,1.0053675,1.0064044,1.0050625,1.0064654,102,30,100,31,30
"128",5,297,1.0053675,1.0064044,1.0050625,1.0064654,202,90,100,31,30
"129",5,299,1.0053675,1.0064044,1.0050625,1.0064654,302,90,100,100,30
"130",5,300,1.0053675,1.0064044,1.0050625,1.0064654,334,90,100,100,30
"131",5,303,1.0053675,1.0064044,1.0050625,1.0064654,334,90,101,100,30
"132",5,310,1.0054284,1.0063434,1.0053675,1.0064044,202,252,332,90,30
"133",5,311,1.0054284,1.0063434,1.0053675,1.0064044,202,352,232,90,30
"134",5,312,1.0054284,1.0063434,1.0053675,1.0064044,102,352,232,90,30
"135",5,316,1.0058554,1.0068923,1.0055505,1.0069534,100,482,1,209,30
"136",5,319,1.0058554,1.0068923,1.0055505,1.0069534,105,382,1,209,30
"137",5,320,1.0058554,1.0068923,1.0055505,1.0069534,205,382,1,109,30
"138",5,322,1.0053675,1.0061604,1.0052454,1.0064044,132,20,203,100,30
"139",5,323,1.0053675,1.0065874,1.0052454,1.0066484,132,100,203,36,30
"140",5,324,1.0053675,1.0066484,1.0052454,1.0068314,132,60,203,300,30
"141",5,325,1.0053675,1.0065874,1.0052454,1.0066484,32,100,3,60,30
"142",5,326,1.0053675,1.0068314,1.0052454,1.0068923,32,200,4,182,30
"143",5,327,1.0053675,1.0066484,1.0052454,1.0068923,32,140,4,182,30
"144",5,332,1.0053675,1.0065874,1.0052454,1.0066484,32,105,4,40,30
"145",5,334,1.0053675,1.0065874,1.0052454,1.0068923,32,105,4,182,30
"146",5,335,1.0050015,1.0062824,1.0049405,1.0064654,2,31,105,100,30
"147",5,337,1.0047575,1.0056725,1.0046966,1.0062824,1,120,5,31,30
"148",5,342,1.0047575,1.0056725,1.0046966,1.0062824,1,20,5,31,30
"149",5,347,1.0047575,1.0056725,1.0046966,1.0062824,7,20,5,31,30
"150",5,355,1.0047575,1.0056725,1.0046966,1.0061604,7,20,5,132,30
"151",5,356,1.0047575,1.0056725,1.0046966,1.0061604,7,20,5,132,30
"152",5,357,1.0047575,1.0056725,1.0046966,1.0061604,7,20,5,132,30
"153",5,358,1.0047575,1.0056725,1.0046966,1.0061604,7,20,5,100,30
"154",5,368,1.0046966,1.0048796,1.0046356,1.0056114,5,100,10,100,30
"155",5,369,1.0044526,1.0048796,1.0043306,1.0060995,5,100,1,100,30
"156",5,370,1.0044526,1.0047575,1.0043916,1.0048796,5,1,6,100,30
"157",5,371,1.0044526,1.0047575,1.0043916,1.0048796,5,1,2,100,30
"158",5,375,1.0044526,1.0048796,1.0043916,1.0053675,5,100,2,200,30
"159",5,377,1.0044526,1.0048796,1.0043916,1.0052454,5,100,2,5,30
"160",5,378,1.0044526,1.0048796,1.0043916,1.0051845,5,100,2,5,30
"161",5,379,1.0044526,1.0048796,1.0043916,1.0051845,5,200,2,5,30
"162",5,382,1.0043306,1.0048796,1.0042696,1.0051845,1,200,1,5,30
"163",5,383,1.0040866,1.0048186,1.0040256,1.0048796,209,200,10,400,30
"164",5,384,1.0040866,1.0047575,1.0040256,1.0048796,209,100,10,300,30
"165",5,386,1.0040866,1.0047575,1.0040256,1.0048796,205,120,10,300,30
"166",5,388,1.0039036,1.0046356,1.0037817,1.0046966,2,300,5,300,30
"167",5,389,1.0039036,1.0046356,1.0037817,1.0046966,2,200,5,300,30
"168",5,391,1.0039036,1.0046356,1.0037817,1.0046966,2,200,5,100,30
"169",5,392,1.0039036,1.0046356,1.0037817,1.0046966,2,300,5,100,30
"170",5,396,1.0039036,1.0046356,1.0037817,1.0047575,6,200,5,5,30
"171",5,397,1.0039036,1.0046356,1.0037817,1.0047575,6,300,5,5,30
"172",5,398,1.0039036,1.0046356,1.0037817,1.0047575,2,460,5,5,30
"173",5,407,1.0039036,1.0046356,1.0037817,1.0047575,19,301,5,5,30
"174",5,408,1.0039036,1.0046356,1.0037817,1.0048796,19,301,5,105,30
"175",5,409,1.0039036,1.0046356,1.0037817,1.0048796,19,301,5,105,30
"176",5,410,1.0039036,1.0046356,1.0037817,1.0048796,19,301,5,105,30
"177",5,413,1.0039036,1.0046356,1.0037817,1.0046966,19,301,5,5,30
"178",5,414,1.0039036,1.0046356,1.0037817,1.0046966,19,301,112,5,30
"179",5,417,1.0039036,1.0046356,1.0038426,1.0046966,19,301,7,5,30
"180",5,418,1.0039036,1.0046356,1.0038426,1.0048186,19,301,7,5,30
"181",5,420,1.0039036,1.0046356,1.0037817,1.0048186,126,301,105,5,30
"182",5,422,1.0039036,1.0046356,1.0037817,1.0048186,126,301,100,5,30
"183",5,424,1.0039036,1.0046356,1.0036596,1.0048186,126,401,5,5,30
"184",5,428,1.0039036,1.0046356,1.0036596,1.0047575,126,401,5,5,30
"185",5,432,1.0040256,1.0046356,1.0039036,1.0047575,5,301,128,5,30
"186",5,433,1.0040256,1.0046356,1.0039036,1.0046966,5,301,128,5,30
"187",5,434,1.0040256,1.0046356,1.0039647,1.0046966,5,301,9,5,30
"188",5,435,1.0040256,1.0046356,1.0039647,1.0046966,5,300,2,5,30
"189",5,436,1.0040256,1.0046356,1.0039647,1.0046966,5,300,2,5,30
"190",5,441,1.0040256,1.0046356,1.0039647,1.0046966,5,300,2,5,30
"191",5,442,1.0040256,1.0046356,1.0039647,1.0046966,5,300,2,5,30
"192",5,443,1.0040256,1.0046356,1.0039647,1.0047575,16,300,2,5,30
"193",5,444,1.0040256,1.0046356,1.0039647,1.0047575,116,300,2,5,30
"194",5,448,1.0040256,1.0046356,1.0039647,1.0047575,117,300,2,5,30
"195",5,452,1.0040256,1.0046356,1.0039647,1.0047575,217,310,2,5,30
"196",5,463,1.0040256,1.0046356,1.0039647,1.0046966,217,310,2,5,30
"197",5,464,1.0040256,1.0046356,1.0039036,1.0046966,417,310,21,5,30
"198",5,466,1.0040256,1.0046356,1.0039036,1.0046966,417,210,21,5,30
"199",5,467,1.0040256,1.0046356,1.0039036,1.0046966,417,210,4,5,30
"200",5,468,1.0040256,1.0046356,1.0039036,1.0046966,417,310,4,5,30
"201",5,473,1.0040256,1.0046356,1.0039036,1.0046966,417,310,4,25,30
"202",5,474,1.0043306,1.0048796,1.0040256,1.0053675,11,100,206,131,30
"203",5,476,1.0040256,1.0048186,1.0039647,1.0048796,105,100,103,100,30
"204",5,479,1.0041476,1.0048796,1.0040256,1.0053675,1,100,5,131,30
"205",5,484,1.0036596,1.0046966,1.0035987,1.0048796,5,20,100,100,30
"206",5,485,1.0036596,1.0046966,1.0035987,1.0048796,5,20,100,128,30
"207",5,489,1.0036596,1.0046966,1.0032327,1.0048796,5,20,104,121,30
"208",5,491,1.0036596,1.0046966,1.0032327,1.0048796,5,20,304,121,30
"209",5,492,1.0036596,1.0046966,1.0035987,1.0048796,6,20,1,121,30
"210",5,495,1.0036596,1.0046966,1.0035987,1.0048796,6,20,101,121,30
"211",5,497,1.0036596,1.0048796,1.0035987,1.0053675,6,118,101,131,30
"212",5,509,1.0036596,1.0047575,1.0035987,1.0048796,6,23,101,128,30
"213",5,512,1.0036596,1.0047575,1.0035987,1.0048796,5,23,101,128,30
"214",5,518,1.0036596,1.0046356,1.0035987,1.0047575,5,200,101,100,30
"215",5,519,1.0036596,1.0046356,1.0035987,1.0047575,5,200,100,100,30
"216",5,522,1.0036596,1.0046356,1.0035987,1.0047575,5,200,200,100,30
"217",5,523,1.0036596,1.0046356,1.0035987,1.0047575,5,200,203,100,30
"218",5,527,1.0035987,1.0046356,1.0031106,1.0047575,114,163,100,100,30
"219",5,531,1.0021958,1.0033547,1.0021348,1.0045745,100,100,30,100,30
"220",5,532,1.0021958,1.0033547,1.0021348,1.0038426,100,321,59,100,30
"221",5,533,1.0021958,1.0033547,1.0021348,1.0038426,100,321,59,100,30
"222",5,537,1.0021958,1.0033547,1.0021348,1.0038426,100,343,59,100,30
"223",5,539,1.0021348,1.0032327,1.0018299,1.0033547,200,460,31,223,30
"224",5,540,1.0021348,1.0032327,1.0018299,1.0033547,100,461,31,222,30
"225",5,541,1.0018908,1.0032327,1.0018299,1.0033547,200,461,31,222,30
"226",5,542,1.0018908,1.0031717,1.0018299,1.0032327,200,342,31,61,30
"227",5,543,1.0018299,1.0031717,1.0010369,1.0032327,31,343,33,60,30
"228",5,545,1.0018299,1.0030497,1.0010369,1.0031106,31,120,33,1,30
"229",5,546,1.0018908,1.0030497,1.0018299,1.0031717,100,22,31,141,30
"230",5,550,1.0018908,1.0030497,1.0018299,1.0031717,100,22,31,174,30
"231",5,551,1.0018908,1.0030497,1.0010369,1.0031717,100,2,33,174,30
"232",5,552,1.0018908,1.0028057,1.0018299,1.0031717,100,2,33,174,30
"233",5,554,1.0018908,1.0023788,1.0016469,1.0028057,100,1,3,1,30
"234",5,559,1.0018908,1.0028057,1.0018299,1.0031717,100,1,33,179,30
"235",5,560,1.0018908,1.0031106,1.0018299,1.0032327,100,1,33,60,30
"236",5,561,1.0020128,1.0031106,1.0018908,1.0032327,100,1,100,60,30
"237",5,563,1.0022568,1.0031106,1.0021958,1.0032327,201,1,5,60,30
"238",5,564,1.0022568,1.0032327,1.0021958,1.0033547,101,94,5,200,30
"239",5,565,1.0022568,1.0032327,1.0021958,1.0033547,101,61,5,200,30
"240",5,566,1.0022568,1.0032327,1.0021958,1.0033547,101,60,5,200,30
"241",5,567,1.0022568,1.0032327,1.0021958,1.0033547,104,60,5,200,30
"242",5,569,1.0022568,1.0032327,1.0021958,1.0033547,104,94,5,200,30
"243",5,575,1.0022568,1.0032327,1.0021958,1.0032936,104,94,5,5,30
"244",5,576,1.0022568,1.0032327,1.0021958,1.0033547,104,34,5,200,30
"245",5,577,1.0023788,1.0033547,1.0022568,1.0035987,103,300,101,100,30
"246",5,578,1.0023788,1.0033547,1.0022568,1.0034157,103,301,101,5,30
"247",5,579,1.0025008,1.0033547,1.0022568,1.0034157,203,301,101,5,30
"248",5,580,1.0025008,1.0033547,1.0022568,1.0034157,203,300,101,5,30
"249",5,581,1.0024397,1.0033547,1.0022568,1.0034157,103,300,101,5,30
"250",5,582,1.0024397,1.0033547,1.0022568,1.0034157,103,301,101,5,30
"251",5,583,1.0024397,1.0033547,1.0022568,1.0034157,3,300,1,5,30
"252",5,584,1.0025008,1.0033547,1.0022568,1.0034157,103,301,1,5,30
"253",5,585,1.0025008,1.0033547,1.0022568,1.0034157,103,300,1,5,30
"254",5,586,1.0025008,1.0033547,1.0022568,1.0034157,103,301,1,5,30
"255",5,587,1.0025008,1.0033547,1.0022568,1.0034157,115,302,1,5,30
"256",5,588,1.0025008,1.0033547,1.0022568,1.0034766,115,302,1,5,30
"257",5,589,1.0025008,1.0033547,1.0022568,1.0034766,115,301,1,5,30
"258",5,590,1.0025008,1.0033547,1.0022568,1.0034766,116,301,1,5,30
"259",5,591,1.0025008,1.0033547,1.0022568,1.0034766,15,301,1,5,30
"260",5,592,1.0025008,1.0033547,1.0022568,1.0034766,15,302,1,5,30
"261",5,593,1.0025008,1.0033547,1.0022568,1.0034766,3,302,1,5,30
"262",5,598,1.0025008,1.0033547,1.0022568,1.0034157,3,302,1,5,30
"263",11,0,1.0001593,1.0006372,1.000053,1.0009028,106,125,100,28,30
"264",11,7,1.0001593,1.0004249,1.000053,1.0006372,106,1,100,125,30
"265",11,8,1.0001593,1.0003717,1.000053,1.0004249,5,25,100,1,30
"266",11,10,1.0001593,1.0004249,1.000053,1.0009028,10,1,100,56,30
"267",11,14,1.0001593,1.0009028,1.000053,1.001062,10,56,100,100,30
"268",11,17,1.0001593,1.0009028,1.0001062,1.0009558,10,28,100,100,30
"269",11,20,1.0001593,1.0009028,1.0001062,1.0009558,10,28,100,104,30
"270",11,27,1.0001593,1.0008496,1.0001062,1.0009028,10,100,100,228,30
"271",11,29,1.0001593,1.0009028,1.0001062,1.001062,10,331,100,100,30
"272",11,31,1.0001593,1.0008496,1.0001062,1.0009028,10,200,100,228,30
"273",11,33,1.0001593,1.0008496,1.0001062,1.0009028,21,100,100,228,30
"274",11,34,1.0001593,1.0009028,1.0001062,1.001062,21,100,100,103,30
"275",11,35,1.0001593,1.0009028,1.0001062,1.0009558,21,100,100,48,30
"276",11,37,1.0001593,1.0009028,1.0001062,1.0009558,21,103,100,48,30
"277",11,39,1.0001593,1.0008496,1.0001062,1.0009028,21,100,100,220,30
"278",11,40,1.0001593,1.0009028,1.0001062,1.0009558,62,320,100,28,30
"279",11,41,1.0001593,1.0009028,1.0001062,1.001062,62,320,100,103,30
"280",11,47,1.0001593,1.000531,1.000053,1.0005841,162,4,100,20,30
"281",11,53,1.0001593,1.0005841,1.000053,1.0009028,162,20,100,328,30
"282",11,58,1.0001593,1.0005841,1.000053,1.0009028,162,20,100,300,30
"283",11,59,1.0001593,1.0005841,1.000053,1.0009028,122,20,100,300,30
"284",11,60,1.0001593,1.0005841,1.000053,1.0008496,122,20,100,3,30
"285",11,62,1.0002124,1.0007966,1.0001593,1.0008496,10,100,112,203,30
"286",11,63,1.0002124,1.0007966,1.0001593,1.0008496,11,100,111,100,30
"287",11,65,1.0002124,1.0007966,1.0001593,1.0008496,11,103,111,100,30
"288",11,67,1.0002124,1.000531,1.0001593,1.0007966,11,2,111,103,30
"289",11,68,1.0002124,1.000531,1.000053,1.0007966,1,2,100,100,30
"290",11,76,1.0002124,1.000531,1.000053,1.0007966,1,2,100,200,30
"291",11,82,1.0002124,1.000531,1.000053,1.0007966,1,2,100,200,30
"292",11,96,1.0002124,1.000531,1.000053,1.0007966,46,1,100,200,30
"293",11,97,1.0002124,1.0007966,1.000053,1.0009558,46,300,100,28,30
"294",11,100,1.0002124,1.0007966,1.000053,1.0009558,187,300,100,32,30
"295",11,102,1.0002124,1.0007966,1.000053,1.0009028,47,300,100,4,30
"296",11,104,1.0002124,1.0007966,1.000053,1.0009558,10,300,100,28,30
"297",11,108,1.0002124,1.000531,1.000053,1.0007966,18,5,100,300,30
"298",11,110,1.0002124,1.000531,1.000053,1.0007966,18,5,100,303,30
"299",11,116,1.0002124,1.0007966,1.000053,1.0009558,18,300,100,28,30
"300",11,117,1.0002124,1.0007966,1.000053,1.0009558,1,301,100,31,30
"301",11,118,1.0002124,1.0007434,1.000053,1.0007966,1,2,100,200,30
"302",11,120,1.0002124,1.0007434,1.000053,1.0007966,1,105,100,100,30
"303",11,128,1.000053,1.0007434,0.9998938,1.0007966,100,103,100,100,30
"304",11,148,1.0002124,1.0007434,1.000053,1.0007966,59,103,100,100,30
"305",11,154,1.0002124,1.0004779,1.000053,1.0007434,59,1,100,103,30
"306",11,157,1.0002124,1.0007434,1.000053,1.0007966,59,103,100,100,30
"307",11,160,1.0002124,1.0007434,1.000053,1.0007966,99,103,100,100,30
"308",11,169,1.0002124,1.0004779,1.000053,1.0007434,99,4,100,103,30
"309",11,174,1.0002124,1.0004779,1.000053,1.0007434,59,4,100,100,30
"310",11,175,1.0002124,1.0004779,1.000053,1.0006372,59,4,100,2,30
"311",11,176,1.0002124,1.0004779,1.000053,1.0005841,59,3,100,1,30
"312",11,177,1.0002124,1.0004779,1.000053,1.0006903,59,3,100,100,30
"313",11,178,1.0002124,1.0004779,1.000053,1.0006372,59,3,100,3,30
"314",11,180,1.0002124,1.0004779,1.000053,1.0006372,59,3,100,2,30
"315",11,181,1.0002124,1.0004779,1.000053,1.0006903,59,2,100,103,30
"316",11,188,1.0002124,1.0004779,1.000053,1.0006903,59,4,100,103,30
"317",11,194,1.0002124,1.0006903,1.000053,1.0007434,59,103,100,100,30
"318",11,197,1.0002655,1.0006903,1.000053,1.0007434,59,103,100,100,30
"319",11,201,1.0002655,1.0006903,0.9998938,1.0007434,59,103,100,100,30
"320",11,211,1.0002655,1.0009028,0.9998938,1.0009558,59,103,100,100,30
"321",11,212,1.0004779,1.0009028,1.0002124,1.0009558,59,103,100,100,30
"322",11,213,1.0004779,1.0009028,1.0003186,1.0012213,59,100,100,3,30
"323",11,214,1.0004779,1.0009028,1.0003186,1.0012213,59,200,100,3,30
"324",11,215,1.0004779,1.0009028,1.0003186,1.0012213,59,201,100,3,30
"325",11,218,1.0004779,1.0009028,1.0003186,1.001062,59,201,100,143,30
"326",11,220,1.0004779,1.0009028,1.0003186,1.001062,80,201,100,143,30
"327",11,221,1.0004779,1.0009028,1.0003186,1.001062,60,200,100,143,30
"328",11,224,1.0004779,1.0009028,1.0003186,1.001062,60,500,100,144,30
"329",11,225,1.0004779,1.0009028,1.0003186,1.001062,60,401,100,144,30
"330",11,243,1.0004779,1.0009028,1.0003186,1.001062,60,201,100,143,30
"331",11,244,1.0004779,1.0009028,1.0003186,1.001062,60,200,100,143,30
"332",11,247,1.0006903,1.0009028,1.0004779,1.001062,1,200,59,143,30
"333",11,248,1.0004779,1.0006903,1.0003186,1.0009028,59,1,100,201,30
"334",11,249,1.0004779,1.0006903,1.0003186,1.0009028,59,1,100,200,30
"335",11,260,1.0004779,1.0006903,1.0003186,1.0009028,59,1,100,300,30
"336",11,262,1.0004779,1.0009028,1.0003186,1.001062,59,300,100,144,30
"337",11,263,1.0004779,1.0009028,1.0003186,1.001062,59,301,100,144,30
"338",11,268,1.0004779,1.0009028,1.0003186,1.001062,59,601,200,144,30
"339",11,272,1.0004779,1.0009028,1.0003186,1.001062,159,501,200,144,30
"340",11,280,1.0004779,1.0009028,1.0003186,1.001062,160,401,200,144,30
"341",11,287,1.0004779,1.0009028,1.0003186,1.001062,160,501,200,144,30
"342",11,291,1.0004779,1.0006903,1.0003186,1.0009028,160,4,200,401,30
"343",11,292,1.0004779,1.0006903,1.0003186,1.0009028,160,4,200,400,30
"344",11,293,1.0004779,1.0006903,1.0003186,1.0009028,160,4,200,300,30
"345",11,297,1.000531,1.0009028,1.0004779,1.001062,6,300,160,144,30
"346",11,298,1.0004779,1.0012213,1.0003186,1.0012745,159,204,100,200,30
"347",11,299,1.0007434,1.0012213,1.0004779,1.0013807,1,400,159,9,30
"348",11,302,1.0007434,1.0012213,1.0004779,1.0013807,160,200,100,9,30
"349",11,309,1.0010089,1.0013807,1.0007966,1.00154,6,9,200,200,30
"350",11,310,1.0010089,1.0013807,1.0007434,1.00154,7,9,159,200,30
"351",11,311,1.0010089,1.0013807,1.0007434,1.00154,166,9,100,204,30
"352",11,313,1.0011151,1.0013807,1.0010089,1.00154,100,9,59,204,30
"353",11,314,1.0011151,1.00154,1.0010089,1.0016462,100,204,59,2,30
"354",11,315,1.0011151,1.0014868,1.0007434,1.00154,200,100,100,300,30
"355",11,316,1.0011151,1.00154,1.0006903,1.0016462,300,304,200,2,30
"356",11,317,1.0011151,1.00154,1.0007966,1.0016462,200,304,2,2,30
"357",11,318,1.0011151,1.0014868,1.0007966,1.00154,200,100,2,400,30
"358",11,319,1.0011151,1.00154,1.0007966,1.0016462,203,500,2,2,30
"359",11,329,1.0011151,1.0014337,1.0007966,1.00154,203,140,2,400,30
"360",11,330,1.0011151,1.0014337,1.0009028,1.00154,103,140,100,300,30
"361",11,332,1.0011151,1.0014337,1.0009028,1.00154,103,140,100,304,30
"362",11,333,1.0011151,1.0014337,1.0009028,1.00154,103,140,100,204,30
"363",11,335,1.0011151,1.0014337,1.0009028,1.0014868,103,140,100,20,30
"364",11,336,1.0011151,1.0014868,1.0009028,1.00154,103,20,100,204,30
"365",11,338,1.0011151,1.00154,1.0009028,1.0016462,103,100,100,2,30
"366",11,342,1.0011151,1.00154,1.0009028,1.0016462,103,200,100,2,30
"367",11,346,1.0011151,1.0014868,1.0009028,1.00154,103,2,100,200,30
"368",11,348,1.0011151,1.0014868,1.0009028,1.00154,103,102,100,100,30
"369",11,352,1.0009028,1.0013275,1.0007966,1.0013807,100,100,100,100,30
"370",11,353,1.0009028,1.0013807,1.0007966,1.0014868,100,100,100,240,30
"371",11,356,1.0009028,1.0013807,1.0007966,1.0014868,100,200,100,240,30
"372",11,357,1.0009028,1.0013275,1.0007966,1.0013807,100,100,100,300,30
"373",11,361,1.0009028,1.0013275,1.0007966,1.0013807,101,100,100,400,30
"374",11,363,1.0009028,1.0013275,1.0007966,1.0013807,101,200,100,400,30
"375",11,365,1.0005841,1.0009028,1.000531,1.0011151,2,26,6,100,30
"376",11,366,1.0005841,1.0009028,1.000531,1.0011151,2,28,6,100,30
"377",11,368,1.0005841,1.0009028,1.000531,1.0011151,2,26,6,100,30
"378",11,370,1.0005841,1.0011151,1.000531,1.0011683,2,100,6,53,30
"379",11,373,1.0005841,1.0010089,1.000531,1.0011151,2,100,6,100,30
"380",11,374,1.0005841,1.0010089,1.000531,1.0011151,2,200,6,100,30
"381",11,385,1.000531,1.0007966,1.0003186,1.0010089,6,4,200,100,30
"382",11,389,1.000531,1.0007966,1.0003186,1.0012213,6,4,200,200,30
"383",11,400,1.0005841,1.0011151,1.000531,1.0012213,100,2,6,300,30
"384",11,401,1.0005841,1.0012213,1.000531,1.0014868,101,300,6,143,30
"385",11,403,1.0005841,1.0012213,1.000531,1.0014868,1,300,6,143,30
"386",11,411,1.0005841,1.0011683,1.000531,1.0012213,1,100,6,200,30
"387",11,412,1.0005841,1.0011683,1.000531,1.0012213,1,100,6,100,30
"388",11,415,1.0005841,1.0011683,1.000531,1.0014868,1,100,6,440,30
"389",11,418,1.0005841,1.0011151,1.000531,1.0011683,1,100,6,100,30
"390",11,428,1.000531,1.0011151,1.0003186,1.0012213,6,100,200,100,30
"391",11,430,1.0003186,1.001062,0.9998407,1.0011151,403,100,27,100,30
"392",11,442,1.0003186,1.001062,0.9998407,1.0011151,404,100,27,100,30
"393",11,459,1.0003186,1.001062,1,1.0011151,404,100,100,100,30
"394",11,460,1.0003186,1.001062,1,1.0011151,405,122,100,100,30
"395",11,462,1.0003186,1.001062,1,1.0011151,305,122,100,100,30
"396",11,470,1.0003186,1.001062,1,1.0011151,305,122,100,100,30
"397",11,472,1.0003186,1.001062,1,1.0011151,405,122,100,100,30
"398",11,484,1.0003186,1.0010089,1,1.001062,405,100,100,22,30
"399",11,486,1.0003186,1.0009558,1,1.0010089,405,2,100,100,30
"400",11,487,1.0003186,1.0009558,1,1.0010089,404,102,100,100,30
"401",11,488,1.0003186,1.0009028,1,1.0009558,404,101,100,102,30
"402",11,490,1.0003186,1.0009028,1,1.0009558,404,104,100,102,30
"403",11,514,1.0003186,1.0009028,1,1.0009558,304,104,100,102,30
"404",11,515,1.0003186,1.0008496,1,1.0009028,304,100,100,400,30
"405",11,518,1.0003186,1.0008496,1,1.0009028,304,103,100,300,30
"406",11,519,1.0003186,1.0008496,1,1.0009028,304,103,100,200,30
"407",11,520,1.0003186,1.0008496,1,1.0009028,305,109,100,200,30
"408",11,526,1.0003186,1.0008496,1,1.0009028,305,109,100,100,30
"409",11,528,1.0003186,1.0007966,1,1.0008496,305,6,100,106,30
"410",11,529,1.0003186,1.0008496,1,1.0012213,305,106,100,303,30
"411",11,533,1.0003186,1.0011683,1,1.0012213,205,100,100,400,30
"412",11,534,1.0003186,1.0011683,1,1.0012213,205,100,100,200,30
"413",11,535,1.0003186,1.0011683,1,1.0014868,205,100,100,440,30
"414",11,536,1.0003186,1.0011683,1,1.0014868,205,103,100,440,30
"415",11,544,1.0003186,1.0009558,1,1.0012213,205,29,100,104,30
"416",11,547,1.0003186,1.0012213,1,1.0014868,205,100,200,440,30
"417",11,548,1.0007434,1.0012213,1.0003186,1.0013807,1,100,204,3,30
"418",11,550,1.0003186,1.0011683,1,1.0014868,204,103,200,440,30
"419",11,567,1.0003186,1.0011151,1,1.0011683,204,275,200,100,30
"420",11,568,1.0003186,1.0011151,1,1.0011683,204,175,200,100,30
"421",11,570,1.0003186,1.0011151,1,1.0011683,204,278,200,100,30
"422",11,571,1.0003186,1.0011151,1,1.0011683,204,379,200,100,30
"423",11,580,1.0003186,1.0009558,1,1.0010089,205,100,200,100,30
"424",11,581,1.0003186,1.0010089,1,1.0011151,205,103,200,144,30
"425",11,582,1.0003186,1.0009558,1,1.0011151,205,100,200,144,30
"426",11,583,1.0003186,1.0009558,1,1.0011151,205,103,200,144,30
"427",11,588,1.0003186,1.0009558,1,1.0011151,205,100,200,147,30
"428",16,0,0.9996116,0.99997014,0.9993128,1.0000299,2,204,106,100,30
"429",16,1,0.9993128,0.99991035,0.9991933,0.99997014,106,4,32,200,30
"430",16,9,0.9993128,0.99985063,0.9991933,0.99991035,106,90,32,4,30
"431",16,12,0.9993128,0.99985063,0.9991933,0.99991035,108,90,32,4,30
"432",16,13,0.9993128,0.99985063,0.9988946,0.99991035,107,90,1,4,30
"433",16,15,0.9993128,0.99985063,0.9991933,0.99991035,107,90,32,4,30
"434",16,18,0.9993128,0.99985063,0.9991933,0.99991035,104,90,32,4,30
"435",16,19,0.9993128,0.99985063,0.9991933,0.99991035,107,90,32,4,30
"436",16,26,0.9993726,0.99991035,0.9993128,0.99997014,90,4,104,200,30
"437",16,31,0.9993726,0.99997014,0.9993128,1.0000299,92,304,100,100,30
"438",16,32,0.9993726,0.99991035,0.9993128,0.99997014,4,90,100,204,30
"439",16,34,0.9993128,0.99991035,0.9988946,0.99997014,100,90,1,204,30
"440",16,35,0.9993726,0.99991035,0.9993128,0.99997014,2,90,100,204,30
"441",16,36,0.9993726,0.99991035,0.9993128,0.99997014,4,90,100,204,30
"442",16,37,0.9993726,0.99991035,0.9993128,0.99997014,4,90,100,235,30
"443",16,44,0.9993726,0.99991035,0.9993128,0.99997014,4,90,100,204,30
"444",16,47,0.9993726,0.99991035,0.9993128,0.99997014,104,90,100,204,30
"445",16,49,0.9993726,0.99997014,0.9993128,1.0000299,4,204,100,100,30
"446",16,50,0.9993726,0.99997014,0.9993128,1.0000299,6,204,100,100,30
"447",16,51,0.9993726,0.99997014,0.9993128,1.0000299,6,104,100,100,30
"448",16,53,0.9994323,0.99997014,0.9993726,1.0000299,90,104,6,100,30
"449",16,61,0.99967134,0.99997014,0.9993726,1.0000299,2,104,6,100,30
"450",16,62,0.99967134,0.99997014,0.9994323,1.0000299,2,104,200,100,30
"451",16,63,0.99967134,0.99997014,0.9994323,1.0000299,2,104,100,100,30
"452",16,68,0.99967134,0.99997014,0.9993726,1.0000299,2,204,6,100,30
"453",16,69,0.99967134,0.99997014,0.9993726,1.0000299,2,204,6,100,30
"454",16,70,0.99967134,0.99997014,0.9994323,1.0000299,2,204,100,100,30
"455",16,72,0.99967134,0.99997014,0.9993726,1.0000299,2,204,6,100,30
"456",16,73,0.99967134,0.99997014,0.9994921,1.0000299,2,200,200,100,30
"457",16,74,0.99967134,0.99997014,0.9994921,1.0000299,2,200,100,100,30
"458",16,75,0.99967134,0.99997014,0.9994921,1.0000299,2,197,100,100,30
"459",16,84,0.99967134,0.99997014,0.9994921,1.0000299,2,193,100,100,30
"460",16,85,0.9994921,0.99985063,0.9993128,0.99991035,103,100,100,100,30
"461",16,86,0.9994921,0.99985063,0.9993128,0.99991035,103,100,100,100,30
"462",16,92,0.9994921,0.99985063,0.9993128,0.99991035,103,200,100,100,30
"463",16,101,0.9993128,0.9997311,0.9990141,0.99979085,6,190,200,300,30
"464",16,102,0.9993128,0.9997311,0.9990141,0.99979085,6,190,100,300,30
"465",16,104,0.9993128,0.9997311,0.9990141,0.99985063,6,190,100,100,30
"466",16,105,0.9993128,0.9997311,0.9990141,0.99997014,6,190,100,33,30
"467",16,110,0.9990141,0.99967134,0.9988946,0.9997311,100,100,1,100,30
"468",16,111,0.9990141,0.9996116,0.9988946,0.99967134,100,90,1,110,30
"469",16,118,0.9990738,0.99967134,0.9990141,0.99997014,90,110,100,33,30
"470",16,121,0.9990738,0.9996116,0.9990141,0.99967134,90,90,100,110,30
"471",16,124,0.9990141,0.9996116,0.9988946,0.99967134,100,108,1,110,30
"472",16,126,0.9990141,0.9996116,0.9988946,0.99967134,100,108,1,100,30
"473",16,127,0.9990738,0.9996116,0.9990141,0.99967134,90,101,100,100,30
"474",16,131,0.9990141,0.99955183,0.9988946,0.9996116,100,90,1,121,30
"475",16,136,0.9990141,0.99955183,0.9988946,0.9996116,100,228,1,126,30
"476",16,146,0.9990141,0.99955183,0.9985958,0.9996116,101,190,31,126,30
"477",16,150,0.9990141,0.99955183,0.9985958,0.9996116,101,290,31,126,30
"478",16,154,0.99877506,0.9992531,0.99853605,0.9993128,101,290,33,100,30
"479",16,156,0.99877506,0.9992531,0.99853605,0.9993128,101,190,33,100,30
"480",16,157,0.99877506,0.9992531,0.99853605,0.9993128,1,290,33,100,30
"481",16,158,0.99877506,0.9992531,0.99853605,0.9993128,1,290,33,100,30
"482",16,159,0.99877506,0.9992531,0.99853605,0.9993128,1,290,33,100,30
"483",16,161,0.99877506,0.9992531,0.99853605,0.9993128,1,290,1,100,30
"484",16,163,0.99877506,0.9992531,0.99853605,0.9993128,1,527,1,100,30
"485",16,164,0.99835676,0.9990141,0.99799824,0.9992531,105,90,30,337,30
"486",16,166,0.99835676,0.9990141,0.99799824,0.9992531,105,90,30,337,30
"487",16,167,0.99835676,0.9990141,0.99829704,0.9992531,5,90,100,337,30
"488",16,168,0.99835676,0.9990141,0.99799824,0.9992531,5,90,30,337,30
"489",16,169,0.99835676,0.9990141,0.99829704,0.9992531,5,90,100,337,30
"490",16,170,0.99835676,0.9990141,0.99829704,0.9992531,5,90,100,337,30
"491",16,171,0.99841654,0.9990141,0.99799824,0.9992531,93,90,30,362,30
"492",16,174,0.99841654,0.9990141,0.99799824,0.9992531,93,90,30,337,30
"493",16,177,0.99841654,0.9990141,0.99811774,0.9990738,3,108,173,100,30
"494",16,178,0.99841654,0.9990141,0.99811774,0.9990738,3,408,73,100,30
"495",16,179,0.99841654,0.9990141,0.99811774,0.9990738,3,308,73,100,30
"496",16,180,0.99841654,0.9990141,0.99829704,0.9990738,3,308,97,100,30
"497",16,183,0.99841654,0.9990141,0.99829704,0.9990738,3,308,297,100,30
"498",16,186,0.99841654,0.9990141,0.99829704,0.9990738,3,308,197,100,30
"499",16,187,0.99841654,0.9990141,0.99829704,0.9990738,3,408,197,100,30
"500",16,193,0.99841654,0.9990141,0.99829704,0.9990738,3,508,197,100,30
"501",16,211,0.99841654,0.9990141,0.99829704,0.9990738,3,608,197,135,30
"502",16,221,0.99841654,0.9990141,0.99829704,0.9990738,3,608,297,135,30
"503",16,226,0.99841654,0.9990141,0.99829704,0.9990738,3,608,197,135,30
"504",16,229,0.99853605,0.9990141,0.99829704,0.9990738,103,100,200,135,30
"505",16,230,0.99853605,0.9989543,0.99829704,0.9990141,3,90,100,100,30
"506",16,231,0.99853605,0.9989543,0.99829704,0.9990141,3,90,303,100,30
"507",16,233,0.99853605,0.9989543,0.99829704,0.9990141,3,90,303,200,30
"508",16,235,0.9985958,0.9990141,0.99829704,0.9990738,2,100,303,135,30
"509",16,238,0.9985958,0.9990141,0.99835676,0.9990738,2,100,100,135,30
"510",16,239,0.9989543,0.9992531,0.9988946,0.9997311,190,137,100,100,30
"511",16,240,0.9988946,0.9992531,0.99841654,0.9997311,1,137,100,100,30
"512",16,241,0.9988946,0.9992531,0.99853605,0.9997311,1,137,231,100,30
"513",16,242,0.9988946,0.9992531,0.99853605,0.9997311,1,137,231,100,30
"514",16,248,0.9991933,0.9997311,0.9991336,0.99997014,90,100,196,33,30
"515",16,250,0.9991933,0.9997311,0.9991336,0.99997014,190,100,196,33,30
"516",16,251,0.9991933,0.9997311,0.9991336,0.99997014,190,100,96,33,30
"517",16,254,0.9991336,0.99967134,0.9988946,0.9997311,196,90,1,100,30
"518",16,255,0.9992531,1.0000896,0.9991336,1.0001494,190,90,31,100,30
"519",16,256,0.9992531,1.0000896,0.9991336,1.0001494,190,100,31,100,30
"520",16,257,0.9988946,0.9997311,0.99877506,0.99979085,1,100,100,100,30
"521",16,258,0.9992531,0.99985063,0.9991336,0.99991035,100,90,31,100,30
"522",16,259,0.9989543,0.99985063,0.9987153,0.99997014,1,90,100,31,30
"523",16,260,0.9989543,0.99985063,0.99877506,0.99997014,1,90,100,31,30
"524",16,263,0.9989543,0.99985063,0.9988348,0.99997014,1,90,100,31,30
"525",16,264,0.9989543,0.99985063,0.9988348,0.99997014,1,90,100,31,30
"526",16,265,0.9989543,0.99985063,0.9988348,0.99997014,1,90,100,31,30
"527",16,266,0.9989543,0.99985063,0.9988348,0.99997014,1,90,100,31,30
"528",16,268,0.9989543,0.99985063,0.99877506,0.99997014,1,90,100,31,30
"529",16,270,0.9989543,0.99985063,0.9988348,0.99997014,1,90,100,31,30
"530",16,273,0.9992531,0.99985063,0.9989543,0.99997014,100,90,1,31,30
"531",16,274,0.9991933,0.99985063,0.9989543,1.0001494,190,90,1,100,30
"532",16,275,0.9991933,0.99985063,0.9991336,1.0001494,190,90,33,100,30
"533",16,276,0.9991933,0.99985063,0.9989543,0.99997014,90,90,1,33,30
"534",16,277,0.9989543,0.99985063,0.9988348,1.0001494,1,90,200,100,30
"535",16,281,0.9992531,0.99985063,0.9991336,1.0001494,90,90,33,100,30
"536",16,282,0.9992531,0.99985063,0.9991336,1.0001494,190,90,33,100,30
"537",16,285,0.9992531,0.99985063,0.9989543,1.0001494,190,90,1,100,30
"538",16,287,0.9992531,0.99985063,0.9991336,1.0001494,90,90,33,100,30
"539",16,288,0.9992531,0.99985063,0.9991336,1.0001494,90,91,33,100,30
"540",16,289,0.9992531,0.99985063,0.9991336,1.0001494,190,91,33,100,30
"541",16,292,0.9992531,0.99985063,0.9991336,1.0001494,190,91,33,100,30
"542",16,299,0.9992531,0.99985063,0.9991336,1.0001494,100,91,34,100,30
"543",16,300,0.9992531,0.99985063,0.9989543,0.99997014,200,91,1,33,30
"544",16,301,0.9992531,0.99985063,0.9989543,0.99997014,100,91,1,33,30
"545",16,302,0.9992531,0.99985063,0.9991336,1.0001494,100,91,33,100,30
"546",16,305,0.9992531,0.9997311,0.9989543,0.99979085,100,90,1,100,30
"547",16,309,0.9992531,0.9997311,0.9991336,0.99979085,100,90,101,100,30
"548",16,311,0.9992531,0.9997311,0.9991336,0.99979085,100,90,1,100,30
"549",16,312,0.9992531,0.9997311,0.9991336,0.99979085,100,90,1,100,30
"550",16,313,0.9992531,0.9997311,0.9991336,0.99979085,100,90,1,100,30
"551",16,314,0.9991336,0.99979085,0.9989543,0.99985063,1,90,1,1,30
"552",16,315,0.9991336,0.99979085,0.9989543,0.99985063,1,90,1,1,30
"553",16,319,0.9992531,0.99979085,0.9991336,0.99985063,100,90,1,1,30
"554",16,321,0.9992531,0.99979085,0.9989543,0.99985063,100,90,1,1,30
"555",16,323,0.9992531,0.99979085,0.9989543,0.99985063,100,90,1,1,30
"556",16,325,0.9992531,0.99979085,0.9989543,0.99985063,200,190,1,1,30
"557",16,327,0.9992531,0.99979085,0.9989543,0.99985063,100,190,1,1,30
"558",16,335,0.9992531,0.99979085,0.9991336,0.99985063,100,190,101,1,30
"559",16,338,0.9991336,0.99979085,0.9989543,0.99985063,1,190,1,1,30
"560",16,339,0.9992531,0.99979085,0.9991336,0.99985063,100,190,1,1,30
"561",16,343,0.9991336,0.99979085,0.9989543,0.99985063,1,290,1,1,30
"562",16,344,0.9992531,0.99979085,0.9991336,0.99985063,100,290,1,1,30
"563",16,345,0.9989543,0.9997311,0.99877506,0.99979085,1,90,202,200,30
"564",16,346,0.9990738,0.9997311,0.9989543,0.99979085,100,90,1,200,30
"565",16,347,0.9990738,0.9997311,0.9989543,0.99979085,203,90,1,200,30
"566",16,348,0.9990738,0.9997311,0.9989543,0.99979085,103,90,1,200,30
"567",16,349,0.9990738,0.9997311,0.9989543,0.99979085,103,90,1,200,30
"568",16,350,0.9990738,0.9997311,0.9989543,0.99979085,3,90,1,200,30
"569",16,351,0.9990738,0.9997311,0.9989543,0.99979085,103,90,1,200,30
"570",16,355,0.9990738,0.99979085,0.9989543,0.99985063,3,100,101,1,30
"571",16,357,0.9993128,0.99979085,0.9990738,0.99985063,190,100,3,1,30
"572",16,366,0.99955183,0.99979085,0.9990738,0.99985063,2,100,3,1,30
"573",16,367,0.99955183,0.99979085,0.9990738,0.99985063,2,100,3,1,30
"574",16,370,0.9990738,0.9996116,0.9989543,0.9997311,3,90,1,100,30
"575",16,371,0.9990738,0.9997311,0.9989543,0.99985063,3,100,1,1,30
"576",16,372,0.9993128,0.9997311,0.9990738,0.99985063,100,200,3,1,30
"577",16,374,0.9990738,0.99967134,0.9989543,0.9997311,3,90,1,200,30
"578",16,380,0.9993128,0.99967134,0.9990738,0.9997311,100,90,3,200,30
"579",16,381,0.9990738,0.99967134,0.9989543,0.9997311,3,90,1,200,30
"580",16,389,0.9990738,0.9997311,0.9989543,0.99985063,3,200,1,1,30
"581",16,391,0.9993128,0.9997311,0.9990738,0.99985063,200,200,3,1,30
"582",16,392,0.9993128,0.9997311,0.9990738,0.99985063,100,200,3,1,30
"583",16,393,0.9993128,0.9997311,0.9991336,0.99985063,100,200,101,1,30
"584",16,395,0.9991336,0.99967134,0.9990738,0.9997311,1,90,3,200,30
"585",16,396,0.9989543,0.9994323,0.9988348,0.99967134,1,90,201,100,30
"586",16,397,0.9989543,0.9994323,0.9988348,0.9997311,1,90,101,100,30
"587",16,399,0.9989543,0.9994921,0.9988348,0.9997311,1,90,101,100,30
"588",16,402,0.9989543,0.9994921,0.9988348,0.9997311,1,90,101,300,30
"589",16,403,0.9990141,0.9997311,0.9989543,0.99997014,90,200,1,58,30
"590",16,407,0.9989543,0.9996116,0.9988348,0.9997311,1,90,101,200,30
"591",16,409,0.9989543,0.9996116,0.9988348,0.9997311,1,190,101,100,30
"592",16,411,0.9988348,0.9993726,0.99865556,0.9996116,101,30,17,100,30
"593",16,412,0.9988946,0.99955183,0.9988348,0.9996116,220,90,101,100,30
"594",16,413,0.9988946,0.99955183,0.9988348,0.9996116,190,90,1,100,30
"595",16,414,0.9988946,0.99955183,0.9988348,0.9996116,90,90,1,100,30
"596",16,416,0.9988946,0.99955183,0.9988348,0.9996116,190,90,1,100,30
"597",16,417,0.9988946,0.99955183,0.9988348,0.9996116,190,90,1,100,30
"598",16,418,0.9988946,0.99955183,0.9988348,0.9996116,190,90,1,100,30
"599",16,420,0.9988348,0.99955183,0.99865556,0.9996116,101,90,3,100,30
"600",16,422,0.9988348,0.99955183,0.99865556,0.9996116,201,90,18,100,30
"601",16,423,0.9988348,0.9994323,0.99865556,0.9996116,101,90,17,100,30
"602",16,424,0.9988348,0.9994323,0.99865556,0.9996116,101,90,17,100,30
"603",16,426,0.9988348,0.9994323,0.99865556,0.9996116,101,90,17,100,30
"604",16,427,0.9988348,0.9993128,0.99865556,0.9993726,101,190,17,130,30
"605",16,428,0.9988348,0.9993128,0.99865556,0.9993726,101,100,17,100,30
"606",16,429,0.9988348,0.9993128,0.99865556,0.9997311,1,100,17,30,30
"607",16,430,0.9988348,0.9993128,0.99865556,0.9997311,1,100,17,30,30
"608",16,431,0.9988348,0.9993128,0.99865556,0.9997311,1,100,17,30,30
"609",16,433,0.9988348,0.9993128,0.99865556,0.9996116,1,100,17,30,30
"610",16,435,0.9988348,0.9996116,0.99865556,0.99991035,1,90,17,100,30
"611",16,437,0.9988348,0.9996116,0.99865556,0.99997014,1,90,17,33,30
"612",16,440,0.9988348,0.9996116,0.99865556,0.99997014,1,90,18,33,30
"613",16,444,0.9989543,0.9996116,0.9988348,0.99997014,90,90,1,33,30
"614",16,446,0.9989543,0.9996116,0.9988348,0.9997311,90,90,1,100,30
"615",16,447,0.9989543,0.9996116,0.9988348,0.9997311,90,90,1,100,30
"616",16,449,0.9989543,0.9996116,0.9988348,0.9997311,190,90,1,100,30
"617",16,450,0.9988946,0.9996116,0.9988348,0.9997311,100,90,1,100,30
"618",16,452,0.9988348,0.9996116,0.99865556,0.9997311,101,90,3,100,30
"619",16,455,0.9988348,0.9996116,0.99877506,0.9997311,201,90,15,100,30
"620",16,456,0.9988348,0.9996116,0.99877506,0.9997311,101,90,15,100,30
"621",16,457,0.9988348,0.9996116,0.99877506,0.9997311,1,90,15,100,30
"622",16,458,0.9988348,0.9994921,0.99877506,0.9997311,1,90,15,100,30
"623",16,459,0.9988348,0.9994921,0.99877506,0.9997311,101,90,15,100,30
"624",16,461,0.9988348,0.9994921,0.99877506,0.9997311,1,90,15,130,30
"625",16,462,0.9988348,0.9994921,0.99877506,0.9997311,1,90,15,130,30
"626",16,464,0.9988348,0.9994921,0.99877506,0.9997311,1,90,15,130,30
"627",16,466,0.9988348,0.9994921,0.99877506,0.9997311,1,90,15,100,30
"628",16,467,0.9988348,0.9994921,0.99877506,0.9997311,1,90,15,100,30
"629",16,468,0.9988348,0.9994921,0.99877506,0.99997014,1,190,15,33,30
"630",16,472,0.9988348,0.9994921,0.99877506,0.9997311,1,190,15,30,30
"631",16,475,0.9988348,0.9994921,0.99877506,0.9997311,101,190,15,30,30
"632",16,476,0.9988348,0.9994921,0.99877506,0.99967134,1,190,15,30,30
"633",16,479,0.9988348,0.9994921,0.99877506,0.99967134,1,190,15,30,30
"634",16,481,0.9988348,0.9994921,0.99865556,0.99997014,1,290,2,33,30
"635",16,485,0.99865556,0.9990738,0.99829704,0.9993128,2,40,101,100,30
"636",16,486,0.99865556,0.9990738,0.99829704,0.9993128,2,40,201,100,30
"637",16,487,0.99865556,0.9990738,0.99829704,0.9993128,2,40,201,100,30
"638",16,488,0.99877506,0.9992531,0.99865556,0.9993726,2,90,2,32,30
"639",16,489,0.99877506,0.9992531,0.99865556,0.9993726,2,90,202,32,30
"640",16,490,0.99877506,0.9992531,0.99865556,0.9993726,2,90,102,32,30
"641",16,491,0.99877506,0.9992531,0.99865556,0.9993726,2,100,102,32,30
"642",16,492,0.99877506,0.9992531,0.99865556,0.9993726,2,100,102,32,30
"643",16,493,0.99877506,0.9992531,0.99865556,0.9993726,2,100,102,32,30
"644",16,494,0.99877506,0.9992531,0.99865556,0.9993726,2,100,102,32,30
"645",16,496,0.99877506,0.9992531,0.99865556,0.9993726,2,200,103,32,30
"646",16,497,0.99877506,0.9992531,0.99865556,0.9993726,2,200,103,32,30
"647",16,498,0.99877506,0.9992531,0.99865556,0.9993726,2,200,3,32,30
"648",16,499,0.99877506,0.9992531,0.99865556,0.9993726,2,200,103,32,30
"649",16,500,0.99877506,0.9992531,0.99865556,0.9993726,2,200,3,32,30
"650",16,501,0.99877506,0.9992531,0.99865556,0.9993726,2,200,3,32,30
"651",16,502,0.99877506,0.9992531,0.99865556,0.9994323,2,200,3,200,30
"652",16,504,0.99865556,0.9989543,0.99829704,0.9991933,3,90,103,200,30
"653",16,505,0.99865556,0.9989543,0.99853605,0.9991933,1,90,1,200,30
"654",16,508,0.99865556,0.9989543,0.99853605,0.9991933,1,90,1,300,30
"655",16,510,0.99865556,0.9989543,0.99853605,0.9991933,1,90,1,310,30
"656",16,512,0.99865556,0.9991933,0.9985958,0.9993726,1,310,100,31,30
"657",16,513,0.99865556,0.9991336,0.9985958,0.9991933,1,90,200,310,30
"658",16,514,0.99865556,0.9991933,0.99853605,0.9993726,2,210,1,31,30
"659",16,516,0.99865556,0.9991933,0.9985958,0.9993726,2,210,100,31,30
"660",16,517,0.99865556,0.9991933,0.9985958,0.9993726,2,210,103,31,30
"661",16,522,0.99865556,0.9991933,0.9985958,0.9993726,2,310,103,31,30
"662",16,525,0.99865556,0.9991933,0.9985958,0.9993726,2,310,104,31,30
"663",16,526,0.99865556,0.9991933,0.9985958,0.9993726,2,310,104,31,30
"664",16,529,0.99865556,0.9991933,0.9985958,0.9993726,2,395,104,31,30
"665",16,531,0.99865556,0.9991933,0.9985958,0.9993726,2,395,4,31,30
"666",16,532,0.99865556,0.9991933,0.9985958,0.9993726,1,395,104,31,30
"667",16,538,0.99865556,0.9990738,0.9985958,0.9991933,2,90,4,395,30
"668",16,539,0.99865556,0.9990738,0.9985958,0.9991933,2,90,4,395,30
"669",16,540,0.99865556,0.9990738,0.9985958,0.9991933,1,190,4,295,30
"670",16,545,0.99865556,0.9990738,0.9985958,0.9991933,1,200,4,285,30
"671",16,549,0.99865556,0.9990738,0.9985958,0.9991933,3,200,4,285,30
"672",16,551,0.9985958,0.9988348,0.99853605,0.9990738,4,90,1,110,30
"673",16,553,0.99853605,0.9988348,0.99835676,0.9990141,1,200,100,30,30
"674",16,554,0.99853605,0.9988348,0.99829704,0.9990141,1,200,102,30,30
"675",16,555,0.99829704,0.99877506,0.9981775,0.9988348,102,100,1,200,30
"676",16,556,0.99829704,0.99877506,0.9981775,0.9988348,102,100,1,200,30
"677",16,557,0.99829704,0.9988348,0.9979385,0.9990738,103,200,30,110,30
"678",16,558,0.99835676,0.9988348,0.99829704,0.9991933,90,410,103,85,30
"679",16,561,0.99835676,0.9988348,0.99829704,0.9991933,90,310,103,85,30
"680",16,573,0.9987153,0.9991933,0.99865556,0.9993128,90,85,100,100,30
"681",16,574,0.9987153,0.9991933,0.99865556,0.99967134,90,185,101,100,30
"682",16,577,0.9987153,0.9991933,0.99865556,0.9993726,90,185,101,30,30
"683",16,578,0.99865556,0.9991933,0.99853605,0.9993726,101,185,3,30,30
"684",16,580,0.99865556,0.9991933,0.99853605,0.9993726,101,185,3,30,30
"685",16,582,0.99865556,0.9991933,0.99853605,0.9993726,101,185,3,30,30
"686",16,583,0.99865556,0.9991933,0.99841654,0.9993726,101,185,1,30,30
"687",16,584,0.99865556,0.9991933,0.99841654,0.9993726,101,185,101,30,30
"688",16,585,0.99865556,0.9991933,0.99841654,0.9993726,54,185,1,30,30
"689",16,586,0.99865556,0.9991933,0.99841654,0.9993726,1,185,1,30,30
"690",16,587,0.99841654,0.9990738,0.99829704,0.9991933,1,90,102,185,30
"691",16,588,0.9985958,0.9991933,0.99841654,0.9993726,90,185,1,30,30
"692",16,592,0.9985958,0.9991336,0.99841654,0.9991933,90,90,1,185,30
"693",16,593,0.9985958,0.9991933,0.99841654,0.9993726,90,185,1,30,30
"694",31,0,0.9993143,0.999951,0.9992163,1.0004408,300,96,208,18,30
"695",31,1,0.9992653,0.999951,0.9992163,1.0004408,100,96,208,18,30
"696",31,2,0.9992653,0.999951,0.9992163,1.000098,100,96,108,126,30
"697",31,3,0.9992653,0.999951,0.9992163,1.000098,100,97,108,126,30
"698",31,6,0.9992653,0.999951,0.9992163,1.000098,100,97,108,26,30
"699",31,7,0.9992163,0.999951,0.99882454,1.000098,108,97,100,26,30
"700",31,8,0.9992163,0.999951,0.99882454,1.000098,108,96,100,26,30
"701",31,16,0.9993143,0.999951,0.9992653,1.000098,1,96,100,26,30
"702",31,17,0.9992163,0.999951,0.99897146,1.000098,209,96,200,26,30
"703",31,18,0.9992163,0.999951,0.99897146,1.000098,209,97,200,26,30
"704",31,20,0.9993143,0.999951,0.9992653,1.000098,9,97,100,26,30
"705",31,21,0.9993143,0.9998531,0.9992163,0.999951,8,73,209,96,30
"706",31,22,0.9993143,0.999951,0.9992163,1.000098,8,96,209,26,30
"707",31,25,0.9993143,0.99990207,0.9992163,0.999951,8,110,109,96,30
"708",31,26,0.9993143,0.99990207,0.9992163,0.999951,8,101,109,96,30
"709",31,27,0.9993143,0.9998041,0.9992163,0.999951,8,73,109,96,30
"710",31,33,0.9993143,0.999951,0.9992163,1.000098,8,96,109,26,30
"711",31,47,0.9992163,0.999951,0.99882454,1.000098,108,115,201,26,30
"712",31,48,0.99882454,0.9998531,0.9984327,0.99990207,100,100,49,100,30
"713",31,49,0.99882454,0.9993633,0.9984327,0.99990207,100,100,49,100,30
"714",31,50,0.9983347,0.9993633,0.9982858,0.99990207,49,1,25,100,30
"715",31,51,0.99804085,0.9998041,0.99799186,0.9998531,249,200,300,100,30
"716",31,52,0.99804085,0.99946123,0.99799186,0.9998531,249,10,300,100,30
"717",31,53,0.99804085,0.9998041,0.99799186,0.9998531,249,100,300,100,30
"718",31,54,0.99808985,0.9998041,0.99804085,0.9998531,249,100,249,100,30
"719",31,55,0.9981878,0.99965715,0.99808985,0.9998531,49,10,249,100,30
"720",31,56,0.99808985,0.9998041,0.99804085,0.9998531,100,100,249,100,30
"721",31,58,0.9981878,0.9992163,0.99804085,0.9998531,49,100,250,100,30
"722",31,59,0.99808985,0.9992163,0.99799186,0.99990207,149,101,200,200,30
"723",31,60,0.99808985,0.9992163,0.99799186,0.99990207,1,100,101,200,30
"724",31,61,0.99808985,0.9990694,0.99799186,0.9991184,1,10,101,1,30
"725",31,62,0.99808985,0.9990694,0.99799186,0.9992163,1,1,101,100,30
"726",31,63,0.99808985,0.9990204,0.99799186,0.9992163,1,1,101,100,30
"727",31,64,0.9981388,0.9991674,0.99808985,0.9992163,49,100,1,100,30
"728",31,70,0.99808985,0.9991674,0.99794286,0.9992163,1,200,150,100,30
"729",31,73,0.99877554,0.9998041,0.9981388,0.9998531,49,100,300,100,30
"730",31,74,0.99892247,0.9998041,0.99877554,0.9998531,200,173,49,100,30
"731",31,75,0.99892247,0.9998041,0.99877554,0.9998531,300,173,49,100,30
"732",31,76,0.99892247,0.9998041,0.99872655,0.9998531,300,173,100,100,30
"733",31,77,0.99892247,0.9998041,0.99872655,0.9998531,300,173,101,100,30
"734",31,79,0.99892247,1.000049,0.99872655,1.000098,300,32,101,26,30
"735",31,80,0.99892247,1.000049,0.99872655,1.000098,208,105,101,26,30
"736",31,81,0.99892247,1.000049,0.99872655,1.000098,208,32,101,26,30
"737",31,82,0.99892247,1.000049,0.99872655,1.000098,208,105,101,26,30
"738",31,90,0.99892247,1.000049,0.99872655,1.000098,208,132,101,26,30
"739",31,91,0.99892247,1,0.99872655,1.000049,208,100,101,133,30
"740",31,100,0.99892247,1,0.99872655,1.000049,208,173,101,33,30
"741",31,101,0.99892247,1.000049,0.99872655,1.000098,208,32,101,26,30
"742",31,106,0.99892247,0.9998531,0.99872655,1,208,73,101,100,30
"743",31,107,0.99892247,1,0.99872655,1.000049,208,100,101,132,30
"744",31,113,0.99892247,1,0.99872655,1.000049,208,101,101,132,30
"745",31,131,0.99897146,1,0.99892247,1.000049,25,101,208,132,30
"746",31,140,0.99897146,0.9998041,0.99892247,1,9,3,200,101,30
"747",31,141,0.99897146,0.9998041,0.99892247,1,10,76,200,101,30
"748",31,142,0.99897146,0.9998041,0.99892247,1,9,76,200,101,30
"749",31,149,0.99897146,0.9998041,0.99892247,1,9,76,200,101,30
"750",31,150,0.9990204,0.9998041,0.99897146,1,1,76,8,101,30
"751",31,152,0.9990204,0.9998041,0.99892247,1,1,76,200,101,30
"752",31,153,0.9991184,0.9998041,0.99892247,0.99990207,1,76,200,1,30
"753",31,155,0.9991184,0.9998041,0.99892247,0.99990207,1,3,200,1,30
"754",31,156,0.9991184,0.9998041,0.99892247,0.99990207,1,76,201,1,30
"755",31,158,0.9991184,0.9998041,0.99892247,0.99990207,1,76,201,1,30
"756",31,161,0.9991184,0.9998041,0.99892247,0.99990207,1,3,201,1,30
"757",31,162,0.9991184,0.9998041,0.99892247,1,1,76,201,100,30
"758",31,164,0.9991184,0.9998041,0.99892247,1,1,77,201,100,30
"759",31,165,0.9991184,0.9998041,0.99892247,1,3,4,201,100,30
"760",31,170,0.9991184,0.9998041,0.99892247,1,3,4,200,100,30
"761",31,171,0.9991184,0.9998041,0.99892247,1,3,4,200,300,30
"762",31,172,0.9991184,0.9998041,0.99892247,1,3,4,200,200,30
"763",31,173,0.9991184,0.9998041,0.99892247,1,3,104,200,200,30
"764",31,174,0.9991184,0.9998041,0.99892247,1,3,177,200,200,30
"765",31,179,0.9991184,0.9997551,0.99892247,0.9998041,3,73,200,104,30
"766",31,186,0.99892247,0.9997551,0.99872655,0.9998041,200,173,101,104,30
"767",31,187,0.99892247,0.9997551,0.99872655,0.9998041,200,201,101,3,30
"768",31,189,0.99892247,0.9997551,0.99872655,0.9998041,300,201,101,3,30
"769",31,197,0.99892247,0.9997551,0.99872655,0.9998041,300,301,101,3,30
"770",31,200,0.99892247,0.9997551,0.99872655,0.9998041,316,301,101,3,30
"771",31,206,0.99892247,0.9997551,0.99872655,0.9998041,317,301,100,3,30
"772",31,208,0.99892247,0.9997551,0.99872655,0.9998041,317,101,100,3,30
"773",31,227,0.99892247,0.99970615,0.99872655,0.9997551,317,73,100,102,30
"774",31,229,0.99892247,0.9997551,0.99872655,0.9998041,317,102,100,3,30
"775",31,230,0.99892247,0.9997551,0.99872655,0.9998041,317,102,100,3,30
"776",31,250,0.99892247,0.99946123,0.99872655,0.9997551,317,3,100,102,30
"777",31,251,0.99892247,0.99946123,0.99872655,0.9997551,317,76,100,102,30
"778",31,255,0.99892247,0.99946123,0.99872655,0.9997551,317,3,100,102,30
"779",31,257,0.99892247,0.99946123,0.99872655,0.9997551,317,76,100,102,30
"780",31,258,0.99892247,0.99946123,0.99872655,0.9997551,319,73,100,102,30
"781",31,260,0.99892247,0.99946123,0.99872655,0.9997551,303,73,100,102,30
"782",31,261,0.99897146,0.99946123,0.99892247,0.9997551,200,73,302,102,30
"783",31,262,0.99892247,0.99946123,0.99867755,0.9997551,302,73,200,102,30
"784",31,263,0.99892247,0.99946123,0.99867755,0.9997551,302,73,100,102,30
"785",31,271,0.99892247,0.99946123,0.99867755,0.9997551,302,73,100,102,30
"786",31,272,0.99892247,0.99946123,0.99867755,0.99970615,302,76,100,300,30
"787",31,273,0.99892247,0.99946123,0.99867755,0.99970615,302,3,100,300,30
"788",31,274,0.99892247,0.99941224,0.99867755,0.99946123,302,74,100,2,30
"789",31,277,0.99892247,0.99941224,0.99867755,0.99946123,302,1,100,2,30
"790",31,278,0.99892247,0.99941224,0.99867755,0.99946123,302,74,100,2,30
"791",31,279,0.99892247,0.99946123,0.99867755,0.99970615,302,2,100,100,30
"792",31,280,0.99892247,0.99946123,0.99867755,0.99970615,302,75,100,100,30
"793",31,283,0.99892247,0.99946123,0.99867755,0.99970615,302,76,100,300,30
"794",31,287,0.99892247,0.99946123,0.99867755,0.99970615,302,176,100,100,30
"795",31,288,0.99892247,0.99946123,0.99867755,0.99970615,402,176,100,100,30
"796",31,295,0.99892247,0.99946123,0.99867755,0.99970615,402,303,100,201,30
"797",31,299,0.99892247,0.99946123,0.99867755,0.99970615,402,303,100,101,30
"798",31,300,0.99892247,0.99946123,0.99867755,0.99960816,402,303,100,101,30
"799",31,304,0.99892247,0.9993633,0.99867755,0.99941224,400,3,100,200,30
"800",31,305,0.99892247,0.9993633,0.99867755,0.99941224,400,3,100,100,30
"801",31,307,0.99892247,0.9993633,0.99867755,0.99941224,400,76,100,101,30
"802",31,310,0.99892247,0.9993633,0.99867755,0.99941224,400,3,100,101,30
"803",31,317,0.99892247,0.9993633,0.99867755,0.99946123,400,3,100,301,30
"804",31,318,0.99892247,0.9993633,0.99867755,0.99946123,402,3,100,201,30
"805",31,320,0.99892247,0.9993633,0.99867755,0.99946123,400,2,100,201,30
"806",31,321,0.99892247,0.9993633,0.99867755,0.99946123,400,177,100,100,30
"807",31,325,0.99892247,0.9993633,0.99867755,0.99946123,400,104,100,100,30
"808",31,335,0.99892247,0.9993633,0.99867755,0.99960816,400,204,100,200,30
"809",31,336,0.99892247,0.9993143,0.99867755,0.9993633,400,4,100,201,30
"810",31,337,0.9991184,0.999951,0.99897146,1,400,200,100,100,30
"811",31,338,0.9991184,0.999951,0.99897146,1,300,200,100,224,30
"812",31,339,0.9991184,0.99990207,0.99897146,1,300,100,100,224,30
"813",31,340,0.9991184,0.9998531,0.99897146,0.99990207,322,173,100,200,30
"814",31,342,0.9991184,0.9998531,0.99897146,0.99990207,322,73,100,200,30
"815",31,348,0.9991184,0.9998531,0.99897146,0.99990207,322,100,100,200,30
"816",31,349,0.9991184,0.9998531,0.99897146,0.99990207,322,173,100,200,30
"817",31,350,0.9991184,0.9998531,0.99897146,0.99990207,323,73,227,200,30
"818",31,352,0.9991184,0.9998531,0.99897146,0.99990207,323,173,127,200,30
"819",31,353,0.9991184,0.9998531,0.99897146,0.99990207,323,173,100,200,30
"820",31,355,0.9991674,0.99990207,0.9991184,1.000049,300,173,223,132,30
"821",31,356,0.9991184,0.99990207,0.99892247,1.000049,323,100,327,132,30
"822",31,375,0.9991184,0.99990207,0.99892247,1.000049,350,100,327,132,30
"823",31,380,0.9991184,0.9998041,0.99892247,0.9998531,350,173,300,205,30
"824",31,381,0.9991184,0.9998531,0.99892247,0.99990207,350,100,300,200,30
"825",31,387,0.9991184,0.99990207,0.99892247,1.000049,350,200,300,32,30
"826",31,393,0.9991184,0.99990207,0.99892247,1.000049,350,200,300,32,30
"827",31,399,0.9991184,0.9998041,0.99892247,0.99990207,350,100,300,200,30
"828",31,404,0.9991184,0.99990207,0.99892247,1.000049,350,200,300,32,30
"829",31,405,0.9991184,0.9998531,0.99892247,0.99990207,350,173,300,200,30
"830",31,406,0.9991184,0.9998041,0.99892247,0.99990207,350,100,300,200,30
"831",31,419,0.9991184,0.9998041,0.99892247,0.99990207,350,73,300,200,30
"832",31,421,0.9991184,0.99990207,0.99892247,1.000049,350,200,300,32,30
"833",31,426,0.9991184,0.9997551,0.99892247,0.9998041,350,100,300,300,30
"834",31,430,0.9991184,0.9997551,0.99892247,0.9998041,350,173,300,300,30
"835",31,432,0.9991184,0.9997551,0.99892247,0.9998041,350,100,300,300,30
"836",31,433,0.9991184,0.9997551,0.99892247,0.9998041,350,173,300,300,30
"837",31,435,0.9991184,0.99970615,0.99892247,0.9997551,350,173,300,101,30
"838",31,437,0.9991184,0.9997551,0.99892247,0.9998041,350,1,300,300,30
"839",31,440,0.9991184,0.99965715,0.99892247,0.99970615,349,173,300,205,30
"840",31,441,0.9991184,0.99970615,0.99892247,0.9997551,349,200,300,101,30
"841",31,442,0.9991184,0.99970615,0.99892247,0.9997551,349,100,300,101,30
"842",31,443,0.9991184,0.9998041,0.99892247,0.99990207,349,300,300,101,30
"843",31,444,0.9991184,0.9997551,0.99892247,0.9998041,349,100,300,401,30
"844",31,447,0.9991184,0.9997551,0.99892247,0.9998041,349,101,300,401,30
"845",31,448,0.9991184,0.9998041,0.99892247,0.99990207,349,301,300,101,30
"846",31,452,0.9991184,0.9997551,0.99892247,0.9998041,349,173,300,401,30
"847",31,455,0.9991184,0.99970615,0.99892247,0.9997551,349,173,300,200,30
"848",31,457,0.9991184,0.99970615,0.99892247,0.9997551,349,174,300,200,30
"849",31,458,0.9991184,0.99970615,0.99892247,0.9997551,371,1,300,101,30
"850",31,460,0.9991184,0.99970615,0.99892247,0.9998041,371,75,300,300,30
"851",31,462,0.9991184,0.99970615,0.99892247,0.9998041,371,74,300,201,30
"852",31,463,0.9991184,0.99970615,0.99892247,0.9998041,371,75,300,200,30
"853",31,466,0.9991184,0.99970615,0.99892247,0.9998041,371,74,300,100,30
"854",31,480,0.9991674,0.99970615,0.9991184,1.000049,300,74,245,32,30
"855",31,483,0.9991674,1.000049,0.9991184,1.000098,300,32,245,26,30
"856",31,486,0.9991674,1.000049,0.9991184,1.0001959,300,32,245,26,30
"857",31,487,0.99970615,1.0006367,0.99946123,1.0006857,200,18,149,100,30
"858",31,489,0.99970615,1.0005877,0.99946123,1.0006367,200,124,149,18,30
"859",31,490,0.99970615,1.0005388,0.99946123,1.0005877,200,20,100,124,30
"860",31,491,0.99970615,1.0005877,0.99946123,1.0007347,200,24,100,100,30
"861",31,495,0.99990207,1.0005877,0.99970615,1.0007347,25,24,300,100,30
"862",31,498,1.000098,1.0008327,0.99990207,1.0011755,1,26,25,100,30
"863",31,500,1.000098,1.0007837,0.99990207,1.0008327,17,205,25,131,30
"864",31,502,1.000098,1.0005388,0.99990207,1.0007837,17,32,250,105,30
"865",31,504,1.000098,1.0005388,0.99990207,1.0007837,17,32,50,100,30
"866",31,512,1.0002939,1.0011265,1.000147,1.0011755,200,124,100,100,30
"867",31,513,1.0002939,1.0010285,1.000098,1.0011265,400,100,16,124,30
"868",31,515,1.0002939,1.0011265,1.000098,1.0013224,300,124,16,100,30
"869",31,516,1.0002939,1.0009795,1.000098,1.0010775,300,100,16,200,30
"870",31,518,1.0002939,1.0009305,1.000098,1.0010775,300,100,16,200,30
"871",31,519,1.0002939,1.0009305,1.000098,1.0010775,300,200,16,200,30
"872",31,520,1.0002939,1.0009305,1.000098,1.0010775,339,200,16,200,30
"873",31,521,1.0002939,1.0009305,1.000098,1.0010775,339,200,16,300,30
"874",31,527,1.0002939,1.0009305,1.000098,1.0010775,439,200,16,200,30
"875",31,529,1.0002939,1.0008327,1.000098,1.0009305,439,200,16,200,30
"876",31,532,1.0002939,1.0008327,1.000098,1.0009305,439,200,16,300,30
"877",31,534,1.0002939,1.0008817,1.000098,1.0009305,439,201,16,300,30
"878",31,535,1.0002939,1.0008817,1.000098,1.0009305,439,201,16,300,30
"879",31,536,1.0002939,1.0008817,1.000098,1.0009305,439,201,16,300,30
"880",31,539,1.0002939,1.0006857,1.000098,1.0009305,439,101,16,200,30
"881",31,541,1.0002939,1.0006857,1.000098,1.0009305,439,102,16,400,30
"882",31,545,1.0002939,1.0006857,1.000098,1.0009305,423,102,16,300,30
"883",31,548,1.0002939,1.0006857,1.000098,1.0009305,423,101,16,300,30
"884",31,559,1.0002939,1.0006857,1.000098,1.0007837,423,101,16,1,30
"885",31,560,1.0002939,1.0006367,1.000049,1.0006857,523,101,100,210,30
"886",31,562,1.0002939,1.0006367,1.000049,1.0006857,523,142,100,210,30
"887",31,563,1.0002939,1.0006367,1.000049,1.0006857,523,243,100,110,30
"888",31,564,1.0002939,1.0006367,1.000049,1.0006857,523,343,100,10,30
"889",31,565,1.0002939,1.0006367,1.000049,1.0006857,523,243,100,10,30
"890",31,566,1.0002939,1.0006367,1.000049,1.0007347,523,243,100,100,30
"891",31,570,1.0002939,1.0006367,1.000049,1.0007347,523,243,100,300,30
"892",31,571,1.0002939,1.0006367,1.000049,1.0007347,423,243,100,300,30
"893",31,572,1.0002939,1.0006367,1.000049,1.0007347,523,243,100,100,30
"894",31,573,1.0002939,1.0006367,1.000049,1.0007347,523,243,100,100,30
"895",31,577,1.0002939,1.0006367,1.000049,1.0009305,523,42,100,200,30
"896",31,578,1.0002939,1.0006367,1.000049,1.0008817,523,142,100,201,30
"897",31,590,1.0002939,1.0006367,1.000049,1.0008817,523,143,100,100,30
"898",62,0,0.9998219,1.000229,0.999771,1.0003308,115,2,49,14,30
"899",62,7,0.9998219,1.000229,0.999771,1.0003308,115,127,49,2,30
"900",62,8,0.9998219,1.000229,0.999771,1.0004325,115,135,49,100,30
"901",62,9,0.9998219,1.000229,0.9995675,1.0004325,115,135,1,100,30
"902",62,11,0.9998219,1.0000254,0.9995675,1.000229,115,1,1,22,30
"903",62,17,0.9998219,1.0000254,0.9995675,1.000229,164,1,1,22,30
"904",62,26,0.9998219,1.0000254,0.99966925,1.000229,265,1,125,22,30
"905",62,29,0.9998219,1.0000254,0.99966925,1.000229,265,1,25,22,30
"906",62,31,0.9998219,1.0000254,0.999771,1.000229,165,1,1,22,30
"907",62,33,0.99992365,1.000229,0.9998728,1.0002799,1,27,26,2,30
"908",62,34,0.9998728,1.0001272,0.9998219,1.000229,115,2,50,22,30
"909",62,35,0.9998728,1.0001272,0.9998219,1.0001781,115,2,50,1,30
"910",62,37,0.9998728,1.0001272,0.9998219,1.0001781,116,2,50,1,30
"911",62,39,0.9998728,1.0001272,0.9998219,1.0001781,116,2,1,1,30
"912",62,49,0.9998728,1.0001272,0.9998219,1.0001781,265,2,1,1,30
"913",62,62,0.9998728,1.0001272,0.9998219,1.0001781,139,2,1,1,30
"914",62,64,0.9998728,1.0001781,0.9998219,1.000229,139,1,1,22,30
"915",62,66,0.9998728,1.0001781,0.9998219,1.000229,149,1,1,22,30
"916",62,67,0.9998728,1.0001781,0.9998219,1.000229,149,1,1,2,30
"917",62,70,0.9998728,1.0001781,0.9998219,1.000229,139,1,1,2,30
"918",62,83,0.99966925,0.99992365,0.9995675,0.99997455,1,120,1,100,30
"919",62,84,0.9995675,0.99992365,0.9995166,1.0001272,1,220,1,201,30
"920",62,86,0.9995166,0.999771,0.9994657,0.99992365,1,116,1,100,30
"921",62,87,0.9995166,0.99992365,0.9994657,1.0001272,126,100,27,1,30
"922",62,90,0.9994657,0.99992365,0.99941486,1.0001272,1,105,27,1,30
"923",62,91,0.9994657,0.99992365,0.99941486,1.0003308,1,108,27,200,30
"924",62,94,0.9994657,0.99992365,0.99941486,1.0003308,1,108,27,200,30
"925",62,96,0.9994657,0.99992365,0.99941486,1.0003308,1,3,27,310,30
"926",62,104,0.9994657,0.99992365,0.99941486,1.0003308,1,3,1,210,30
"927",62,107,0.9994657,0.99992365,0.99941486,1.0003308,1,3,27,210,30
"928",62,112,0.9994657,0.99992365,0.99941486,1.0003308,152,3,1,424,30
"929",62,113,0.9994657,0.99992365,0.99941486,1.0003308,1,3,1,424,30
"930",62,114,0.9994657,0.99992365,0.99941486,1.0003308,1,3,1,426,30
"931",62,115,0.9994657,0.99992365,0.99941486,1.0003308,27,5,1,424,30
"932",62,116,0.9994657,0.99992365,0.99941486,1.0003308,28,5,1,424,30
"933",62,117,0.9994657,0.99992365,0.99941486,1.0003308,2,9,27,420,30
"934",62,118,0.9994657,0.99992365,0.99941486,1.000229,2,9,27,28,30
"935",62,123,0.9994657,0.99992365,0.99941486,1.000229,2,9,1,28,30
"936",62,126,0.9994657,0.99992365,0.99941486,1.0003308,30,3,1,320,30
"937",62,127,0.9994657,0.99992365,0.99941486,1.0001781,4,5,27,105,30
"938",62,128,0.9994657,0.99992365,0.99941486,1.0003308,4,111,27,204,30
"939",62,132,0.9994657,0.99992365,0.99941486,1.0003308,4,115,27,200,30
"940",62,133,0.9994657,0.99992365,0.99941486,1.0003308,5,115,27,200,30
"941",62,136,0.9994657,0.99992365,0.99941486,1.0001781,5,115,27,128,30
"942",62,140,0.9994657,0.99992365,0.99941486,1.0001781,5,8,27,105,30
"943",62,141,0.9994657,0.99992365,0.99941486,1.0003308,132,7,1,310,30
"944",62,142,0.9994657,0.99992365,0.99941486,1.0003308,132,3,1,316,30
"945",62,146,0.9994657,0.99992365,0.99941486,1.0003308,133,3,1,316,30
"946",62,149,0.9994657,0.99992365,0.99941486,1.0001781,133,3,1,107,30
"947",62,150,0.9994657,0.99992365,0.99941486,1.0001272,133,3,1,2,30
"948",62,151,0.9994657,0.99992365,0.99941486,1.0001272,133,3,1,3,30
"949",62,153,0.9994657,1.0001272,0.99941486,1.0001781,133,1,1,106,30
"950",62,154,0.9994657,0.99997455,0.99941486,1.0001781,157,6,1,206,30
"951",62,155,0.9995675,0.99997455,0.9994657,1.0001781,129,6,28,211,30
"952",62,156,0.9995675,0.99997455,0.9994657,1.0001781,3,7,28,211,30
"953",62,157,0.9995675,0.99997455,0.9994657,1.0001781,29,4,2,211,30
"954",62,158,0.9995675,0.99997455,0.9994657,1.0001781,29,4,2,211,30
"955",62,159,0.9995675,0.99997455,0.9994657,1.0001781,3,4,2,211,30
"956",62,160,0.9995675,0.99997455,0.9994657,1.0001781,29,4,2,211,30
"957",62,166,0.9995675,0.99997455,0.9994657,1.0001781,54,4,2,111,30
"958",62,169,0.9995675,0.99997455,0.9994657,1.0001781,28,4,2,111,30
"959",62,183,0.9995675,0.99997455,0.9994657,1.0001781,27,4,2,111,30
"960",62,184,0.9995675,0.99997455,0.9994657,1.0001781,2,4,2,111,30
"961",62,185,0.9995675,0.99997455,0.9994657,1.0001781,28,4,2,111,30
"962",62,187,0.9995675,0.99997455,0.9995166,1.0001781,2,14,26,111,30
"963",62,188,0.99966925,1.0001781,0.99961835,1.0003308,228,1,100,110,30
"964",62,189,0.99966925,1.0001781,0.9995675,1.0003308,228,1,26,210,30
"965",62,192,0.999771,1.0001781,0.99972016,1.0003308,126,1,25,105,30
"966",62,194,0.999771,1.0001781,0.99972016,1.0003308,128,1,25,105,30
"967",62,196,0.999771,1.0001781,0.99966925,1.0003308,128,1,8,105,30
"968",62,197,0.999771,1.0001781,0.99972016,1.000229,128,1,20,5,30
"969",62,198,0.999771,1.0001781,0.99972016,1.000229,128,1,20,2,30
"970",62,199,0.999771,1.0001781,0.99972016,1.0003308,128,1,20,105,30
"971",62,203,0.999771,1.0001781,0.99966925,1.0003308,148,1,8,105,30
"972",62,213,0.999771,1.0000763,0.99972016,1.0001781,57,1,26,1,30
"973",62,215,0.999771,1.0000763,0.99972016,1.0001781,57,1,26,1,30
"974",62,216,0.999771,1.0000763,0.99972016,1.0001781,55,1,26,1,30
"975",62,217,0.9998728,1.0001781,0.9998219,1.0002799,20,1,26,105,30
"976",62,218,0.99966925,1.0001781,0.99961835,1.000229,34,1,26,5,30
"977",62,219,0.99966925,1.0001781,0.99961835,1.000229,8,1,26,6,30
"978",62,220,0.99966925,1.0001781,0.99961835,1.000229,8,1,26,7,30
"979",62,222,0.99966925,1.0001781,0.99961835,1.000229,8,1,26,7,30
"980",62,223,0.99966925,1.0001781,0.99961835,1.000229,8,1,26,1,30
"981",62,224,0.99966925,1.0001781,0.99961835,1.0002799,8,1,26,105,30
"982",62,225,0.99966925,1.0001781,0.99961835,1.000229,8,1,26,6,30
"983",62,226,0.99966925,1.0001781,0.99961835,1.000229,8,1,26,1,30
"984",62,227,0.99966925,1.0001781,0.99961835,1.0002799,8,1,26,105,30
"985",62,230,0.9998219,1.0003816,0.999771,1.0004325,126,36,126,226,30
"986",62,231,0.99966925,1.0003816,0.99961835,1.0004325,226,155,26,100,30
"987",62,232,0.9998219,1.0003816,0.999771,1.0004325,126,155,100,100,30
"988",62,233,0.9998219,1.0003816,0.999771,1.0004325,100,14,100,105,30
"989",62,234,0.99966925,1.0003816,0.99961835,1.0004325,126,14,26,105,30
"990",62,235,0.9998219,1.0003816,0.999771,1.0004325,126,14,126,105,30
"991",62,236,0.9998219,1.0003816,0.999771,1.0004325,226,14,26,105,30
"992",62,238,0.9998219,1.0003816,0.999771,1.0004325,334,14,26,111,30
"993",62,244,0.9998219,1.0003816,0.999771,1.0004325,334,14,26,105,30
"994",62,247,0.9998219,1.0003816,0.999771,1.0004325,334,14,26,112,30
"995",62,252,1.0000763,1.0004325,1.0000254,1.0004834,74,106,26,4,30
"996",62,253,1.0000763,1.0004325,1.0000254,1.0004834,100,106,26,4,30
"997",62,256,1.0000763,1.0004325,1.0000254,1.0004834,100,106,26,4,30
"998",62,257,1.0001272,1.0006869,1.0000763,1.0007887,100,107,100,82,30
"999",62,258,1.000229,1.0006869,1.0001781,1.0007887,126,212,126,82,30
"1000",62,259,1.000229,1.0006869,1.0001781,1.0007887,126,112,126,82,30
"1001",62,264,1.0001781,1.0006869,0.9998728,1.0007887,126,112,100,82,30
"1002",62,269,1.0004325,1.0007887,1.000229,1.0009923,200,87,300,108,30
"1003",62,270,1.0004834,1.0009923,1.0001272,1.0012976,308,213,200,100,30
"1004",62,271,1.0004834,1.0009923,1.0001272,1.0012976,108,213,200,100,30
"1005",62,272,1.0004834,1.0009923,1.0001272,1.0012976,108,215,200,100,30
"1006",62,274,1.0004834,1.0009923,1.0001272,1.0012976,108,215,200,100,30
"1007",62,275,1.0004834,1.0009923,1.0001272,1.0012976,108,315,200,100,30
"1008",62,285,1.0004834,1.0009923,1.0001272,1.0011449,208,313,327,102,30
"1009",62,286,1.0004834,1.0009923,1.0001272,1.0010431,208,313,227,2,30
"1010",62,287,1.0004834,1.0009923,1.0001272,1.0012976,208,313,227,100,30
"1011",62,300,1.0005852,1.0012976,1.0005343,1.001552,200,105,100,2,30
"1012",62,301,1.0007378,1.0012976,1.0004325,1.0015011,200,207,300,100,30
"1013",62,303,1.0007378,1.0012976,1.0004325,1.0017046,200,207,200,27,30
"1014",62,305,1.0007378,1.0012976,1.0004325,1.0017046,226,207,200,27,30
"1015",62,306,1.0007378,1.0012976,1.0004325,1.0017046,334,105,200,27,30
"1016",62,307,1.0007378,1.0012976,1.0004325,1.001552,334,107,200,100,30
"1017",62,308,1.0007378,1.0012976,1.0004325,1.0014502,334,105,200,2,30
"1018",62,311,1.0007378,1.0012976,1.0004325,1.0014502,334,105,200,100,30
"1019",62,318,1.0007378,1.0012976,1.0004325,1.001552,334,105,200,104,30
"1020",62,322,1.0007378,1.0012976,1.0004325,1.0014502,234,105,200,104,30
"1021",62,328,1.0007378,1.0012976,1.0004325,1.0017046,234,209,200,27,30
"1022",62,334,1.0007378,1.0012976,1.0004325,1.0017046,208,105,200,27,30
"1023",62,335,1.0008905,1.0012976,1.0007378,1.001552,1,105,208,100,30
"1024",62,336,1.0008905,1.0012976,1.0008396,1.001552,1,105,200,100,30
"1025",62,337,1.0008905,1.0012976,1.0008396,1.0013993,1,205,200,4,30
"1026",62,338,1.0007887,1.0012976,1.0004325,1.0014502,300,205,200,5,30
"1027",62,343,1.0007887,1.0012976,1.0004325,1.0014502,200,205,200,5,30
"1028",62,344,1.0007887,1.0012976,1.0004325,1.0013993,208,205,200,104,30
"1029",62,345,1.0007887,1.0012976,1.0004325,1.0013993,208,205,200,4,30
"1030",62,348,1.0007887,1.0012976,1.0004325,1.0013993,208,205,200,105,30
"1031",62,353,1.0007887,1.0012976,1.0004325,1.0013993,208,205,200,5,30
"1032",62,362,1.0007887,1.0012976,1.0004325,1.0013993,208,205,200,106,30
"1033",62,363,1.0007887,1.0012976,1.0004325,1.0013993,208,205,200,1,30
"1034",62,366,1.0007887,1.0012976,1.0004325,1.0013993,209,205,200,106,30
"1035",62,367,1.0007887,1.0012976,1.0004325,1.0013993,209,205,200,6,30
"1036",62,369,1.000229,1.0004834,0.9998728,1.0006869,1,5,1,200,30
"1037",62,370,1.000229,1.0004834,0.9998728,1.0007887,1,2,1,105,30
"1038",62,371,1.000229,1.0007378,0.9998728,1.0007887,1,5,1,101,30
"1039",62,372,1.000229,1.0007378,0.9998728,1.0009414,1,106,1,23,30
"1040",62,379,1.000229,1.0007378,0.9998728,1.0009414,1,6,1,23,30
"1041",62,380,1.000229,1.0007378,1.0001781,1.0009414,1,6,25,23,30
"1042",62,385,1.000229,1.0007378,1.0001781,1.0009414,1,6,25,150,30
"1043",62,387,1.000229,1.0007378,1.0001781,1.0009414,1,7,25,23,30
"1044",62,389,1.000229,1.0007378,1.0001781,1.0009414,1,8,25,23,30
"1045",62,394,1.000229,1.0007378,1.0001781,1.0009414,2,8,25,23,30
"1046",62,395,1.000229,1.0004834,1.0001781,1.0007378,2,1,25,8,30
"1047",62,396,1.000229,1.0004834,1.0001781,1.0007378,2,1,25,8,30
"1048",62,399,1.000229,1.0004834,0.99997455,1.0006869,1,1,1,7,30
"1049",62,400,0.9998728,1.0004834,0.999771,1.0006869,1,7,1,1,30
"1050",62,401,0.9998728,1.0004834,0.999771,1.0009414,1,108,1,50,30
"1051",62,407,0.9998728,1.0004834,0.999771,1.0009414,1,2,1,50,30
"1052",62,408,0.9998728,1.0004834,0.999771,1.0009414,1,1,1,23,30
"1053",62,415,0.9998728,1.0004834,0.999771,1.0005852,1,1,1,101,30
"1054",62,416,0.9998728,1.0004834,0.999771,1.0005852,1,1,1,1,30
"1055",62,421,1.0001781,1.0005852,0.9998728,1.0008905,74,1,1,27,30
"1056",62,426,1.0001781,1.0005852,0.9998728,1.0008905,76,1,1,27,30
"1057",62,427,1.0001781,1.0005852,0.9998728,1.0008396,2,113,1,100,30
"1058",62,428,0.9998728,1.0005852,0.999771,1.0006361,1,1,1,1,30
"1059",62,429,0.9998728,1.0005852,0.999771,1.0007887,1,1,1,114,30
"1060",62,435,0.9998728,1.0005852,0.999771,1.0007378,1,1,1,100,30
"1061",62,436,0.9998728,1.0005852,0.999771,1.0008396,1,1,1,114,30
"1062",62,437,1.0000254,1.0008396,0.99997455,1.0009414,100,114,50,23,30
"1063",62,438,1.0000254,1.0008396,0.99997455,1.0009414,100,14,50,23,30
"1064",62,439,0.99997455,1.0008396,0.99992365,1.0009414,100,14,50,23,30
"1065",62,445,1.0000763,1.0009414,1.0000254,1.0012467,100,1,50,50,30
"1066",62,446,1.0001272,1.0009414,1.0000254,1.0012467,100,15,50,50,30
"1067",62,447,1.0001272,1.0009414,1.0000254,1.0012467,100,16,50,50,30
"1068",62,449,1.0000763,1.0009414,1.0000254,1.0012467,100,16,51,50,30
"1069",62,450,1.0000254,1.0009414,0.99997455,1.0012467,51,16,1,50,30
"1070",62,451,1.0001272,1.0009414,1.0000254,1.0011958,100,2,51,14,30
"1071",62,452,1.0001272,1.0009414,1.0000254,1.0011449,100,1,51,14,30
"1072",62,453,1.0001272,1.0009414,1.0000254,1.001094,100,1,51,14,30
"1073",62,454,1.0001272,1.0009414,1.0000254,1.0012467,100,1,51,164,30
"1074",62,455,1.0000254,1.0009414,0.99997455,1.0011958,1,1,1,114,30
"1075",62,456,1.0001272,1.0011449,1.0000763,1.0012467,100,22,49,65,30
"1076",62,457,1.0004834,1.0011449,1.0000763,1.0012467,8,22,49,65,30
"1077",62,461,1.0004834,1.0011449,1.0000763,1.0012467,8,22,49,51,30
"1078",62,465,1.0004834,1.0011449,1.000229,1.0012467,8,22,126,51,30
"1079",62,466,1.0004834,1.0011449,1.000229,1.0012467,8,22,26,51,30
"1080",62,496,1.0004834,1.0011449,1.000229,1.0012467,8,169,26,151,30
"1081",62,497,1.0004834,1.0011449,1.0000763,1.0012467,8,169,175,51,30
"1082",62,503,1.0004834,1.001094,1.0000763,1.0011449,8,217,75,22,30
"1083",62,504,1.0004834,1.001094,1.0000763,1.0011449,8,317,75,22,30
"1084",62,505,1.0004834,1.001094,1.0000763,1.0011449,34,217,75,22,30
"1085",62,513,1.0004834,1.001094,1.0000763,1.0011449,34,117,75,22,30
"1086",62,514,1.0004834,1.001094,1.0000763,1.0011449,34,218,75,22,30
"1087",62,515,1.0004834,1.0007887,1.0000763,1.001094,34,1,75,218,30
"1088",62,516,1.0004834,1.0007887,1.0000763,1.0009923,34,2,75,17,30
"1089",62,517,1.0004834,1.0007887,1.0000763,1.0009414,34,2,75,117,30
"1090",62,518,1.0004834,1.0007887,1.0000763,1.0009414,34,2,75,118,30
"1091",62,521,1.0004834,1.0007887,1.0000763,1.0009414,34,2,75,18,30
"1092",62,522,1.0004834,1.0007887,1.0000763,1.0009414,34,119,75,1,30
"1093",62,523,1.0004834,1.0007887,1.0000763,1.0009414,34,26,75,100,30
"1094",62,526,1.0004834,1.0007887,1.0000763,1.0009414,34,26,49,100,30
"1095",62,535,1.0004834,1.0006361,1.0000763,1.0007887,34,1,49,25,30
"1096",62,537,1.0004834,1.0007887,1.0000763,1.0009414,34,25,49,100,30
"1097",62,539,1.0004834,1.0007887,1.0000763,1.0009414,34,25,175,100,30
"1098",62,543,1.0004834,1.0007887,1.0000763,1.0009414,34,25,75,100,30
"1099",62,544,1.0004834,1.0007887,1.0000763,1.0009414,34,24,75,100,30
"1100",62,547,1.0004834,1.0007887,1.0000763,1.0009414,34,46,75,100,30
"1101",62,553,1.0004834,1.0007887,1.0000763,1.0009414,34,148,75,100,30
"1102",62,555,1.0004834,1.0007887,1.0000763,1.0009414,34,48,75,100,30
"1103",62,556,1.0004834,1.0007887,1.0000763,1.0009414,35,28,75,100,30
"1104",62,563,1.0004834,1.0007887,1.0000763,1.0009414,35,28,75,100,30
"1105",62,566,1.0005343,1.0009414,1.0004834,1.0011449,26,100,35,22,30
"1106",62,567,1.0004834,1.0009414,1.0000763,1.0011449,27,100,75,22,30
"1107",62,569,1.0004834,1.0009414,1.0000763,1.0011449,27,100,176,22,30
"1108",62,572,1.0004834,1.0009414,1.0000763,1.0011449,1,100,76,22,30
"1109",62,573,1.0005343,1.0009414,1.0004834,1.0011449,26,100,1,22,30
"1110",62,576,1.0004834,1.0011958,1.0000763,1.0012467,1,12,76,50,30
"1111",62,578,1.0006869,1.0011958,1.0004834,1.0012976,8,12,1,100,30
"1112",62,590,1.0006869,1.0011958,1.0004834,1.0012976,8,12,1,101,30
"1113",62,598,1.0006869,1.0011958,1.0004834,1.0012976,8,12,1,100,30
