"","time_id","seconds_in_bucket","bid_price1","ask_price1","bid_price2","ask_price2","bid_size1","ask_size1","bid_size2","ask_size2","stock_id"
"1",5,0,1.0000937,1.000281,0.9999063,1.0004684,300,900,815,917,125
"2",5,1,1.0000937,1.000281,0.9999063,1.0004684,530,402,815,800,125
"3",5,2,1.0000937,1.000281,0.9999063,1.0004684,430,601,815,1075,125
"4",5,3,1.0000937,1.000281,0.9999063,1.0004684,530,302,815,1075,125
"5",5,4,1.0000937,1.000281,0.9999063,1.0004684,530,400,815,901,125
"6",5,5,1.0000937,1.000281,0.9999063,1.0004684,430,400,815,1076,125
"7",5,6,1.0000937,1.000281,0.9999063,1.0004684,30,801,715,1075,125
"8",5,7,1.0000937,1.000281,0.9999063,1.0004684,30,802,715,1075,125
"9",5,8,1.0000937,1.000281,0.9999063,1.0004684,730,302,915,1075,125
"10",5,9,1.0000937,1.000281,0.9999063,1.0004684,430,400,815,1076,125
"11",5,10,1.000281,1.0004684,1.0000937,1.0006558,517,600,1064,776,125
"12",5,11,1.000281,1.0004684,1.0000937,1.0006558,17,700,864,945,125
"13",5,12,1.000281,1.0004684,1.0000937,1.0006558,17,701,764,945,125
"14",5,13,1.000281,1.0004684,1.0000937,1.0006558,17,701,764,845,125
"15",5,14,1.000281,1.0004684,1.0000937,1.0006558,447,101,1034,645,125
"16",5,15,1.0004684,1.0006558,1.000281,1.000843,317,645,830,575,125
"17",5,16,1.000281,1.0004684,1.0000937,1.0006558,30,1200,834,1146,125
"18",5,17,1.000281,1.0004684,1.0000937,1.0006558,600,712,1100,962,125
"19",5,18,1.000281,1.0004684,1.0000937,1.0006558,600,312,1100,1120,125
"20",5,19,1.000281,1.0004684,1.0000937,1.0006558,700,211,1000,845,125
"21",5,20,1.0004684,1.0006558,1.000281,1.000843,400,545,800,675,125
"22",5,21,1.0006558,1.000843,1.0004684,1.0010304,400,600,800,585,125
"23",5,22,1.0006558,1.000843,1.0004684,1.0010304,500,500,800,685,125
"24",5,23,1.0006558,1.000843,1.0004684,1.0010304,400,500,700,885,125
"25",5,24,1.000843,1.0010304,1.0006558,1.0012178,500,1185,1000,733,125
"26",5,25,1.000843,1.0010304,1.0006558,1.0012178,100,1386,600,916,125
"27",5,26,1.0004684,1.0006558,1.000281,1.000843,700,300,800,1275,125
"28",5,27,1.0004684,1.0006558,1.000281,1.000843,300,400,775,1375,125
"29",5,28,1.0004684,1.0006558,1.000281,1.000843,600,300,875,1375,125
"30",5,29,1.0004684,1.0006558,1.000281,1.000843,500,300,875,1375,125
"31",5,30,1.0004684,1.0006558,1.000281,1.000843,200,900,600,1475,125
"32",5,31,1.0004684,1.0006558,1.000281,1.000843,1000,701,941,1092,125
"33",5,32,1.0004684,1.0006558,1.000281,1.000843,500,300,1116,1075,125
"34",5,33,1.0004684,1.0006558,1.000281,1.000843,500,300,1116,1075,125
"35",5,34,1.0004684,1.0006558,1.000281,1.000843,300,300,1116,1075,125
"36",5,35,1.0004684,1.0006558,1.000281,1.000843,300,500,1116,1075,125
"37",5,36,1.000281,1.0006558,1.0000937,1.000843,941,901,1000,1075,125
"38",5,37,1.0004684,1.0006558,1.000281,1.000843,400,601,1041,1075,125
"39",5,38,1.0004684,1.0006558,1.000281,1.000843,900,200,1041,800,125
"40",5,39,1.0004684,1.0006558,1.000281,1.000843,400,400,1041,1075,125
"41",5,40,1.0004684,1.0006558,1.000281,1.000843,500,300,1041,1075,125
"42",5,41,1.0004684,1.000843,1.000281,1.0010304,600,1624,1141,1385,125
"43",5,42,1.0006558,1.000843,1.0004684,1.0010304,400,1101,900,1185,125
"44",5,43,1.000843,1.0010304,1.0006558,1.0012178,400,1285,907,833,125
"45",5,44,1.000843,1.0010304,1.0006558,1.0012178,100,1085,807,816,125
"46",5,45,1.000843,1.0010304,1.0006558,1.0012178,100,1085,882,816,125
"47",5,46,1.000843,1.0010304,1.0006558,1.0012178,100,1085,882,816,125
"48",5,47,1.000843,1.0010304,1.0006558,1.0012178,400,675,1082,806,125
"49",5,48,1.000843,1.0010304,1.0006558,1.0012178,618,300,1082,1075,125
"50",5,49,1.000843,1.0010304,1.0006558,1.0012178,618,200,1082,875,125
"51",5,50,1.0010304,1.0012178,1.000843,1.0014051,118,1099,500,875,125
"52",5,51,1.0010304,1.0012178,1.000843,1.0014051,218,1075,500,875,125
"53",5,52,1.0010304,1.0012178,1.000843,1.0014051,118,875,500,875,125
"54",5,54,1.0010304,1.0012178,1.000843,1.0014051,118,975,600,875,125
"55",5,55,1.0010304,1.0012178,1.000843,1.0014051,118,1000,800,875,125
"56",5,56,1.000843,1.0010304,1.0006558,1.0012178,600,200,1182,1175,125
"57",5,57,1.0010304,1.0012178,1.000843,1.0014051,675,400,700,675,125
"58",5,58,1.0010304,1.0012178,1.000843,1.0014051,100,600,900,675,125
"59",5,59,1.0012178,1.0014051,1.0010304,1.0015925,300,837,600,692,125
"60",5,60,1.0010304,1.0012178,1.000843,1.0014051,300,837,700,1100,125
"61",5,61,1.0010304,1.0012178,1.000843,1.0014051,400,337,800,1100,125
"62",5,62,1.000843,1.0012178,1.0006558,1.0014051,800,637,1182,1400,125
"63",5,63,1.0010304,1.0012178,1.000843,1.0014051,200,537,800,1400,125
"64",5,64,1.000843,1.0012178,1.0006558,1.0014051,800,537,1182,1400,125
"65",5,65,1.000843,1.0012178,1.0006558,1.0014051,700,737,1182,1400,125
"66",5,66,1.000843,1.0012178,1.0006558,1.0014051,700,737,1182,1400,125
"67",5,67,1.0010304,1.0012178,1.000843,1.0014051,400,437,800,1300,125
"68",5,68,1.000843,1.0012178,1.0006558,1.0014051,800,637,1175,1500,125
"69",5,70,1.000843,1.0012178,1.0006558,1.0014051,700,837,1175,1500,125
"70",5,71,1.000843,1.0010304,1.0006558,1.0012178,200,1164,975,1117,125
"71",5,72,1.000843,1.0010304,1.0006558,1.0012178,500,437,975,917,125
"72",5,73,1.000843,1.0010304,1.0006558,1.0012178,400,437,975,917,125
"73",5,74,1.000843,1.0010304,1.0006558,1.0012178,400,437,975,1375,125
"74",5,75,1.000843,1.0010304,1.0006558,1.0012178,400,437,975,1000,125
"75",5,76,1.000843,1.0010304,1.0006558,1.0012178,400,337,975,1175,125
"76",5,77,1.000843,1.0010304,1.0006558,1.0012178,300,437,975,1175,125
"77",5,78,1.000843,1.0010304,1.0006558,1.0012178,100,637,1075,1375,125
"78",5,79,1.000843,1.0010304,1.0006558,1.0012178,100,637,875,1375,125
"79",5,80,1.000843,1.0010304,1.0006558,1.0012178,400,337,975,1000,125
"80",5,81,1.000843,1.0010304,1.0006558,1.0012178,700,300,975,1000,125
"81",5,82,1.000843,1.0010304,1.0006558,1.0012178,400,500,975,1275,125
"82",5,83,1.000843,1.0010304,1.0006558,1.0012178,200,948,875,1275,125
"83",5,84,1.000843,1.0010304,1.0006558,1.0012178,100,848,875,1375,125
"84",5,85,1.000843,1.0010304,1.0006558,1.0012178,400,248,975,1275,125
"85",5,86,1.000843,1.0010304,1.0006558,1.0012178,400,448,975,1275,125
"86",5,87,1.000843,1.0010304,1.0006558,1.0012178,300,448,975,1075,125
"87",5,88,1.000843,1.0010304,1.0006558,1.0012178,400,348,975,1075,125
"88",5,89,1.000843,1.0010304,1.0006558,1.0012178,200,648,975,1175,125
"89",5,90,1.000843,1.0010304,1.0006558,1.0012178,100,548,1075,1175,125
"90",5,91,1.000843,1.0010304,1.0006558,1.0012178,500,248,975,1175,125
"91",5,92,1.000843,1.0010304,1.0006558,1.0012178,200,848,975,1175,125
"92",5,93,1.000843,1.0010304,1.0006558,1.0012178,100,648,875,1175,125
"93",5,94,1.000843,1.0010304,1.0006558,1.0012178,500,1100,1000,1175,125
"94",5,95,1.000843,1.0010304,1.0006558,1.0012178,600,400,975,1000,125
"95",5,96,1.0010304,1.0012178,1.000843,1.0014051,400,700,700,1283,125
"96",5,97,1.0010304,1.0012178,1.000843,1.0014051,300,500,700,1283,125
"97",5,98,1.000843,1.0010304,1.0006558,1.0012178,600,66,887,1500,125
"98",5,99,1.000843,1.0010304,1.0006558,1.0012178,600,36,887,1500,125
"99",5,100,1.0010304,1.0012178,1.000843,1.0014051,200,1100,500,1483,125
"100",5,101,1.0010304,1.0012178,1.000843,1.0014051,100,1100,500,1483,125
"101",5,102,1.0010304,1.0012178,1.000843,1.0014051,100,1100,675,1483,125
"102",5,103,1.0010304,1.0012178,1.000843,1.0014051,519,500,775,1483,125
"103",5,104,1.0012178,1.0014051,1.0010304,1.0015925,635,8,1000,775,125
"104",5,105,1.0014051,1.0015925,1.0012178,1.0017799,56,1475,973,514,125
"105",5,106,1.0012178,1.0014051,1.0010304,1.0015925,398,500,900,1275,125
"106",5,107,1.0012178,1.0014051,1.0010304,1.0015925,398,400,900,1275,125
"107",5,108,1.0014051,1.0015925,1.0012178,1.0017799,200,1175,698,714,125
"108",5,109,1.0012178,1.0015925,1.0010304,1.0017799,598,961,900,814,125
"109",5,110,1.0014051,1.0015925,1.0012178,1.0017799,100,775,873,814,125
"110",5,111,1.0015925,1.0017799,1.0014051,1.0019672,200,714,700,775,125
"111",5,112,1.0015925,1.0017799,1.0014051,1.0019672,100,614,875,775,125
"112",5,113,1.0015925,1.0017799,1.0014051,1.0019672,100,614,875,775,125
"113",5,114,1.0015925,1.0017799,1.0014051,1.0019672,300,259,775,675,125
"114",5,115,1.0014051,1.0015925,1.0012178,1.0017799,200,877,698,1359,125
"115",5,116,1.0014051,1.0015925,1.0012178,1.0017799,200,877,773,1459,125
"116",5,117,1.0014051,1.0015925,1.0012178,1.0017799,400,777,773,1359,125
"117",5,118,1.0014051,1.0015925,1.0012178,1.0017799,200,777,673,1359,125
"118",5,119,1.0014051,1.0015925,1.0012178,1.0017799,200,777,673,1359,125
"119",5,120,1.0014051,1.0015925,1.0012178,1.0017799,200,775,673,1359,125
"120",5,121,1.0012178,1.0015925,1.0010304,1.0017799,398,1175,1100,1459,125
"121",5,122,1.0012178,1.0015925,1.0010304,1.0017799,698,1450,1100,1459,125
"122",5,123,1.0012178,1.0015925,1.0010304,1.0017799,698,1450,1100,1459,125
"123",5,124,1.0012178,1.0014051,1.0010304,1.0015925,298,500,900,1175,125
"124",5,125,1.0012178,1.0014051,1.0010304,1.0015925,398,306,900,1075,125
"125",5,126,1.0012178,1.0014051,1.0010304,1.0015925,398,306,900,1075,125
"126",5,127,1.0012178,1.0014051,1.0010304,1.0015925,200,606,900,1175,125
"127",5,128,1.0012178,1.0014051,1.0010304,1.0015925,600,704,1000,1075,125
"128",5,129,1.0012178,1.0014051,1.0010304,1.0015925,300,613,1100,1175,125
"129",5,130,1.0012178,1.0014051,1.0010304,1.0015925,200,255,1100,1075,125
"130",5,131,1.0012178,1.0014051,1.0010304,1.0015925,200,255,900,1075,125
"131",5,133,1.0012178,1.0014051,1.0010304,1.0015925,300,257,1000,1075,125
"132",5,134,1.0012178,1.0014051,1.0010304,1.0015925,300,257,1000,1075,125
"133",5,135,1.0012178,1.0014051,1.0010304,1.0015925,300,255,1000,1075,125
"134",5,136,1.0010304,1.0012178,1.000843,1.0014051,400,900,621,555,125
"135",5,137,1.000843,1.0010304,1.0006558,1.0012178,746,400,875,1000,125
"136",5,138,1.000843,1.0010304,1.0006558,1.0012178,146,700,875,900,125
"137",5,139,1.000843,1.0010304,1.0006558,1.0012178,146,700,875,1000,125
"138",5,140,1.000843,1.0010304,1.0006558,1.0012178,246,800,775,1000,125
"139",5,141,1.000843,1.0010304,1.0006558,1.0012178,146,700,775,1000,125
"140",5,142,1.000843,1.0010304,1.0006558,1.0012178,246,709,775,900,125
"141",5,143,1.000843,1.0010304,1.0006558,1.0012178,146,909,775,900,125
"142",5,144,1.000843,1.0010304,1.0006558,1.0012178,246,1233,975,1000,125
"143",5,145,1.000843,1.0010304,1.0006558,1.0012178,207,1011,700,1000,125
"144",5,146,1.0010304,1.0012178,1.000843,1.0014051,400,1100,1100,646,125
"145",5,147,1.0010304,1.0012178,1.000843,1.0014051,400,401,1000,846,125
"146",5,148,1.0012178,1.0014051,1.0010304,1.0015925,700,946,900,1075,125
"147",5,149,1.0012178,1.0014051,1.0010304,1.0015925,100,1146,800,1175,125
"148",5,150,1.0010304,1.0012178,1.000843,1.0014051,500,500,959,1346,125
"149",5,151,1.0010304,1.0012178,1.000843,1.0014051,100,600,959,1446,125
"150",5,152,1.0010304,1.0012178,1.000843,1.0014051,100,600,859,1446,125
"151",5,154,1.0006558,1.0010304,1.0004684,1.0012178,759,599,1000,1000,125
"152",5,155,1.0006558,1.0010304,1.0004684,1.0012178,659,1003,1000,1000,125
"153",5,156,1.0006558,1.000843,1.0004684,1.0010304,1059,100,1000,903,125
"154",5,157,1.0006558,1.0010304,1.0004684,1.0012178,1059,899,800,900,125
"155",5,158,1.0006558,1.0010304,1.0004684,1.0012178,1159,899,1000,900,125
"156",5,159,1.0006558,1.0010304,1.0004684,1.0012178,1159,799,1000,900,125
"157",5,160,1.000843,1.0010304,1.0006558,1.0012178,200,899,775,1000,125
"158",5,161,1.000843,1.0010304,1.0006558,1.0012178,200,799,775,1000,125
"159",5,162,1.000843,1.0010304,1.0006558,1.0012178,300,599,775,1000,125
"160",5,163,1.000843,1.0010304,1.0006558,1.0012178,200,699,775,1000,125
"161",5,164,1.000843,1.0010304,1.0006558,1.0012178,518,499,875,1000,125
"162",5,165,1.000843,1.0010304,1.0006558,1.0012178,418,599,875,1000,125
"163",5,166,1.000843,1.0010304,1.0006558,1.0012178,618,399,875,1000,125
"164",5,167,1.000843,1.0010304,1.0006558,1.0012178,218,399,875,1000,125
"165",5,168,1.000843,1.0010304,1.0006558,1.0012178,218,399,775,1000,125
"166",5,169,1.000843,1.0010304,1.0006558,1.0012178,418,399,775,1000,125
"167",5,170,1.000843,1.0010304,1.0006558,1.0012178,418,499,875,1000,125
"168",5,171,1.000843,1.0010304,1.0006558,1.0012178,218,699,775,1000,125
"169",5,172,1.000843,1.0010304,1.0006558,1.0012178,118,799,600,1100,125
"170",5,173,1.000843,1.0010304,1.0006558,1.0012178,318,599,775,1100,125
"171",5,174,1.000843,1.0010304,1.0006558,1.0012178,218,799,775,1100,125
"172",5,175,1.000843,1.0010304,1.0006558,1.0012178,418,599,875,1000,125
"173",5,176,1.000843,1.0010304,1.0006558,1.0012178,418,499,875,1000,125
"174",5,177,1.0010304,1.0012178,1.000843,1.0014051,600,300,700,1029,125
"175",5,178,1.0010304,1.0012178,1.000843,1.0014051,200,400,700,1129,125
"176",5,179,1.0012178,1.0014051,1.0010304,1.0015925,400,354,600,875,125
"177",5,180,1.0012178,1.0014051,1.0010304,1.0015925,600,354,600,875,125
"178",5,181,1.0012178,1.0014051,1.0010304,1.0015925,500,354,600,875,125
"179",5,182,1.0012178,1.0014051,1.0010304,1.0015925,900,54,600,875,125
"180",5,183,1.0012178,1.0014051,1.0010304,1.0015925,700,54,600,600,125
"181",5,184,1.0014051,1.0015925,1.0012178,1.0017799,300,1224,800,1163,125
"182",5,185,1.0012178,1.0015925,1.0010304,1.0017799,700,1200,701,1163,125
"183",5,186,1.0014051,1.0015925,1.0012178,1.0017799,100,800,900,1063,125
"184",5,187,1.0012178,1.0015925,1.0010304,1.0017799,900,900,701,1063,125
"185",5,188,1.0012178,1.0015925,1.0010304,1.0017799,700,1200,701,1232,125
"186",5,189,1.0012178,1.0015925,1.0010304,1.0017799,700,1200,701,1232,125
"187",5,190,1.0012178,1.0015925,1.0010304,1.0017799,700,1200,701,1232,125
"188",5,191,1.0014051,1.0015925,1.0012178,1.0017799,200,910,1007,932,125
"189",5,192,1.0014051,1.0015925,1.0012178,1.0017799,19,1010,907,1232,125
"190",5,193,1.0014051,1.0015925,1.0012178,1.0017799,19,1010,707,1232,125
"191",5,194,1.0014051,1.0015925,1.0012178,1.0017799,19,910,707,1232,125
"192",5,195,1.0014051,1.0015925,1.0012178,1.0017799,19,910,907,1232,125
"193",5,196,1.0014051,1.0015925,1.0012178,1.0017799,400,300,1007,1535,125
"194",5,197,1.0014051,1.0015925,1.0012178,1.0017799,400,200,1007,1435,125
"195",5,198,1.0012178,1.0014051,1.0010304,1.0015925,607,900,701,794,125
"196",5,199,1.0012178,1.0014051,1.0010304,1.0015925,607,200,860,600,125
"197",5,200,1.0012178,1.0014051,1.0010304,1.0015925,607,400,860,800,125
"198",5,201,1.0012178,1.0014051,1.0010304,1.0015925,807,200,860,700,125
"199",5,202,1.0014051,1.0015925,1.0012178,1.0017799,675,300,1107,1035,125
"200",5,203,1.0014051,1.0015925,1.0012178,1.0017799,100,700,907,1410,125
"201",5,204,1.0012178,1.0014051,1.0010304,1.0015925,907,200,860,900,125
"202",5,205,1.0012178,1.0014051,1.0010304,1.0015925,800,200,860,900,125
"203",5,206,1.0012178,1.0014051,1.0010304,1.0015925,700,300,860,800,125
"204",5,207,1.0012178,1.0014051,1.0010304,1.0015925,900,200,860,800,125
"205",5,208,1.0012178,1.0014051,1.0010304,1.0015925,800,200,860,800,125
"206",5,209,1.0012178,1.0014051,1.0010304,1.0015925,700,300,860,800,125
"207",5,210,1.0012178,1.0014051,1.0010304,1.0015925,700,300,860,1075,125
"208",5,211,1.0012178,1.0014051,1.0010304,1.0015925,200,500,760,1175,125
"209",5,212,1.0012178,1.0014051,1.0010304,1.0015925,100,600,760,1175,125
"210",5,213,1.0012178,1.0014051,1.0010304,1.0015925,100,600,760,1175,125
"211",5,214,1.0014051,1.0015925,1.0012178,1.0017799,200,1300,700,1310,125
"212",5,215,1.0014051,1.0015925,1.0012178,1.0017799,419,400,900,935,125
"213",5,216,1.0014051,1.0015925,1.0012178,1.0017799,519,200,900,932,125
"214",5,217,1.0015925,1.0017799,1.0014051,1.0019672,274,832,707,678,125
"215",5,218,1.0015925,1.0017799,1.0014051,1.0019672,274,532,707,678,125
"216",5,219,1.0015925,1.0017799,1.0014051,1.0019672,374,532,907,678,125
"217",5,220,1.0017799,1.0019672,1.0015925,1.0021546,230,1378,500,975,125
"218",5,221,1.0015925,1.0017799,1.0014051,1.0019672,419,700,807,1378,125
"219",5,222,1.0015925,1.0017799,1.0014051,1.0019672,319,800,807,1478,125
"220",5,223,1.0015925,1.0017799,1.0014051,1.0019672,419,500,807,1478,125
"221",5,224,1.0015925,1.0017799,1.0014051,1.0019672,319,600,707,1478,125
"222",5,225,1.0015925,1.0017799,1.0014051,1.0019672,319,500,707,1478,125
"223",5,226,1.0017799,1.0019672,1.0015925,1.0021546,219,702,700,975,125
"224",5,227,1.0017799,1.0019672,1.0015925,1.0021546,219,502,700,975,125
"225",5,228,1.0017799,1.0019672,1.0015925,1.0021546,219,502,700,975,125
"226",5,229,1.0017799,1.0019672,1.0015925,1.0021546,519,702,700,975,125
"227",5,230,1.0015925,1.0017799,1.0014051,1.0019672,100,1000,807,802,125
"228",5,231,1.0015925,1.0017799,1.0014051,1.0019672,18,1002,907,900,125
"229",5,232,1.0015925,1.0017799,1.0014051,1.0019672,118,902,807,1000,125
"230",5,233,1.0015925,1.0017799,1.0014051,1.0019672,118,802,807,1000,125
"231",5,234,1.0015925,1.0017799,1.0014051,1.0019672,118,1102,707,1000,125
"232",5,235,1.0015925,1.0017799,1.0014051,1.0019672,118,1126,707,1000,125
"233",5,236,1.0017799,1.0019672,1.0015925,1.0021546,274,1040,700,675,125
"234",5,237,1.0017799,1.0019672,1.0015925,1.0021546,74,800,700,891,125
"235",5,238,1.0017799,1.0019672,1.0015925,1.0021546,74,928,700,875,125
"236",5,239,1.0017799,1.0019672,1.0015925,1.0021546,74,828,700,875,125
"237",5,240,1.0017799,1.0019672,1.0015925,1.0021546,74,800,700,879,125
"238",5,241,1.0015925,1.0019672,1.0014051,1.0021546,1175,700,807,879,125
"239",5,242,1.0017799,1.0019672,1.0015925,1.0021546,775,324,1000,779,125
"240",5,243,1.0017799,1.0019672,1.0015925,1.0021546,300,424,800,879,125
"241",5,244,1.0015925,1.0019672,1.0014051,1.0021546,700,824,807,979,125
"242",5,245,1.0015925,1.0019672,1.0014051,1.0021546,600,825,807,979,125
"243",5,248,1.0015925,1.0017799,1.0014051,1.0019672,400,424,807,901,125
"244",5,249,1.0015925,1.0017799,1.0014051,1.0019672,200,524,807,1001,125
"245",5,250,1.0015925,1.0017799,1.0014051,1.0019672,200,827,707,1000,125
"246",5,251,1.0015925,1.0017799,1.0014051,1.0019672,200,827,707,1000,125
"247",5,252,1.0015925,1.0017799,1.0014051,1.0019672,200,827,707,1000,125
"248",5,253,1.0015925,1.0017799,1.0014051,1.0019672,200,804,707,1000,125
"249",5,254,1.0017799,1.0019672,1.0015925,1.0021546,19,703,1200,875,125
"250",5,255,1.0015925,1.0017799,1.0014051,1.0019672,600,600,807,978,125
"251",5,256,1.0015925,1.0017799,1.0014051,1.0019672,400,300,807,978,125
"252",5,257,1.0015925,1.0017799,1.0014051,1.0019672,300,700,707,1078,125
"253",5,258,1.0015925,1.0017799,1.0014051,1.0019672,500,400,807,1078,125
"254",5,259,1.0015925,1.0017799,1.0014051,1.0019672,700,800,807,703,125
"255",5,260,1.0015925,1.0017799,1.0014051,1.0019672,500,736,807,700,125
"256",5,261,1.0017799,1.0019672,1.0015925,1.0021546,300,829,1000,875,125
"257",5,262,1.0015925,1.0019672,1.0014051,1.0021546,900,829,807,875,125
"258",5,263,1.0015925,1.0019672,1.0014051,1.0021546,900,1029,807,975,125
"259",5,264,1.0017799,1.0019672,1.0015925,1.0021546,200,629,900,675,125
"260",5,265,1.0017799,1.0019672,1.0015925,1.0021546,200,329,900,775,125
"261",5,266,1.0017799,1.0019672,1.0015925,1.0021546,200,429,900,775,125
"262",5,267,1.0017799,1.0019672,1.0015925,1.0021546,900,13,1200,575,125
"263",5,268,1.0017799,1.0019672,1.0015925,1.0021546,600,500,1200,588,125
"264",5,269,1.0017799,1.0019672,1.0015925,1.0021546,500,500,1200,688,125
"265",5,270,1.0017799,1.0019672,1.0015925,1.0021546,500,501,1000,688,125
"266",5,271,1.0017799,1.0019672,1.0015925,1.0021546,700,404,1000,688,125
"267",5,272,1.0017799,1.0019672,1.0015925,1.0021546,400,503,1000,889,125
"268",5,273,1.0017799,1.0019672,1.0015925,1.0021546,600,405,1200,588,125
"269",5,274,1.0017799,1.0019672,1.0015925,1.0021546,600,403,1200,589,125
"270",5,275,1.0017799,1.0019672,1.0015925,1.0021546,618,403,1200,689,125
"271",5,276,1.0017799,1.0019672,1.0015925,1.0021546,318,504,1000,888,125
"272",5,277,1.0017799,1.0019672,1.0015925,1.0021546,518,405,1000,888,125
"273",5,278,1.0017799,1.0019672,1.0015925,1.0021546,518,403,1000,889,125
"274",5,279,1.0017799,1.0019672,1.0015925,1.0021546,718,403,1200,589,125
"275",5,280,1.0017799,1.0019672,1.0015925,1.0021546,718,403,1207,590,125
"276",5,282,1.0017799,1.0019672,1.0015925,1.0021546,718,402,1207,690,125
"277",5,283,1.0017799,1.0019672,1.0015925,1.0021546,618,402,1207,690,125
"278",5,284,1.0021546,1.0023419,1.0019672,1.0025293,187,1028,1100,675,125
"279",5,285,1.0021546,1.0023419,1.0019672,1.0025293,287,1029,1275,675,125
"280",5,286,1.0021546,1.0023419,1.0019672,1.0025293,287,1029,1275,675,125
"281",5,287,1.0021546,1.0023419,1.0019672,1.0025293,287,1006,1275,675,125
"282",5,288,1.0021546,1.0023419,1.0019672,1.0025293,487,428,1175,675,125
"283",5,289,1.0021546,1.0023419,1.0019672,1.0025293,287,627,1175,775,125
"284",5,290,1.0021546,1.0023419,1.0019672,1.0025293,587,328,1375,575,125
"285",5,291,1.0021546,1.0023419,1.0019672,1.0025293,487,445,1175,875,125
"286",5,292,1.0021546,1.0023419,1.0019672,1.0025293,487,450,1175,880,125
"287",5,293,1.0021546,1.0023419,1.0019672,1.0025293,487,551,1175,980,125
"288",5,294,1.0021546,1.0023419,1.0019672,1.0025293,387,951,1175,975,125
"289",5,295,1.0021546,1.0023419,1.0019672,1.0025293,587,551,1375,875,125
"290",5,296,1.0021546,1.0023419,1.0019672,1.0025293,587,550,1175,875,125
"291",5,297,1.0021546,1.0023419,1.0019672,1.0025293,487,650,1375,875,125
"292",5,298,1.0021546,1.0023419,1.0019672,1.0025293,687,550,1375,875,125
"293",5,299,1.0021546,1.0023419,1.0019672,1.0025293,587,550,1375,875,125
"294",5,300,1.0021546,1.0023419,1.0019672,1.0025293,987,550,1375,675,125
"295",5,301,1.0021546,1.0023419,1.0019672,1.0025293,587,550,1175,975,125
"296",5,302,1.0021546,1.0023419,1.0019672,1.0025293,587,554,1175,975,125
"297",5,303,1.0023419,1.0025293,1.0021546,1.0027167,205,1807,1007,575,125
"298",5,304,1.0021546,1.0023419,1.0019672,1.0025293,507,392,1275,1492,125
"299",5,305,1.0021546,1.0023419,1.0019672,1.0025293,307,924,900,1791,125
"300",5,306,1.0019672,1.0021546,1.0017799,1.0023419,800,394,614,1211,125
"301",5,307,1.0019672,1.0021546,1.0017799,1.0023419,700,394,614,1206,125
"302",5,308,1.0019672,1.0021546,1.0017799,1.0023419,800,494,614,1506,125
"303",5,309,1.0019672,1.0021546,1.0017799,1.0023419,500,494,614,1406,125
"304",5,310,1.0019672,1.0021546,1.0017799,1.0023419,800,194,614,1031,125
"305",5,311,1.0021546,1.0023419,1.0019672,1.0025293,2000,31,1207,1478,125
"306",5,312,1.0021546,1.0023419,1.0019672,1.0025293,700,600,1007,1275,125
"307",5,313,1.0021546,1.0023419,1.0019672,1.0025293,600,100,1007,975,125
"308",5,314,1.0023419,1.0025293,1.0021546,1.0027167,800,200,800,678,125
"309",5,315,1.0023419,1.0025293,1.0021546,1.0027167,200,700,800,778,125
"310",5,316,1.0023419,1.0025293,1.0021546,1.0027167,300,701,800,778,125
"311",5,317,1.0023419,1.0025293,1.0021546,1.0027167,600,100,800,1103,125
"312",5,318,1.0023419,1.0025293,1.0021546,1.0027167,500,100,800,1003,125
"313",5,319,1.0021546,1.0023419,1.0019672,1.0025293,500,800,807,1000,125
"314",5,320,1.0021546,1.0023419,1.0019672,1.0025293,1400,400,1007,1075,125
"315",5,321,1.0021546,1.0023419,1.0019672,1.0025293,1400,100,1007,1000,125
"316",5,322,1.0021546,1.0023419,1.0019672,1.0025293,1200,400,1007,975,125
"317",5,323,1.0021546,1.0023419,1.0019672,1.0025293,1400,406,1007,800,125
"318",5,324,1.0021546,1.0023419,1.0019672,1.0025293,1300,406,1007,800,125
"319",5,325,1.0021546,1.0023419,1.0019672,1.0025293,1400,106,1007,700,125
"320",5,326,1.0021546,1.0023419,1.0019672,1.0025293,700,406,1007,700,125
"321",5,327,1.0021546,1.0023419,1.0019672,1.0025293,1300,206,1007,700,125
"322",5,328,1.0023419,1.0025293,1.0021546,1.0027167,675,300,1400,1078,125
"323",5,329,1.0023419,1.0025293,1.0021546,1.0027167,375,300,700,1078,125
"324",5,330,1.0021546,1.0025293,1.0019672,1.0027167,600,1000,1007,1178,125
"325",5,331,1.0021546,1.0025293,1.0019672,1.0027167,500,1424,1007,1178,125
"326",5,332,1.0021546,1.0023419,1.0019672,1.0025293,500,200,1007,900,125
"327",5,333,1.0021546,1.0023419,1.0019672,1.0025293,500,200,1007,1075,125
"328",5,334,1.0021546,1.0023419,1.0019672,1.0025293,300,400,1007,1075,125
"329",5,335,1.0021546,1.0023419,1.0019672,1.0025293,775,200,1107,1100,125
"330",5,336,1.0021546,1.0023419,1.0019672,1.0025293,775,200,1107,900,125
"331",5,337,1.0021546,1.0023419,1.0019672,1.0025293,775,200,1107,1075,125
"332",5,338,1.0021546,1.0023419,1.0019672,1.0025293,575,400,1107,1375,125
"333",5,339,1.0021546,1.0023419,1.0019672,1.0025293,575,400,1107,1475,125
"334",5,340,1.0021546,1.0023419,1.0019672,1.0025293,975,400,907,1475,125
"335",5,341,1.0021546,1.0023419,1.0019672,1.0025293,375,400,1107,1475,125
"336",5,342,1.0023419,1.0025293,1.0021546,1.0027167,800,400,675,1078,125
"337",5,343,1.0023419,1.0025293,1.0021546,1.0027167,600,400,675,1078,125
"338",5,344,1.0023419,1.0025293,1.0021546,1.0027167,775,300,675,1078,125
"339",5,345,1.0025293,1.0027167,1.0023419,1.0029039,300,403,675,575,125
"340",5,346,1.0021546,1.0023419,1.0019672,1.0025293,575,100,1000,1300,125
"341",5,347,1.0021546,1.0023419,1.0019672,1.0025293,575,100,1000,1200,125
"342",5,348,1.0021546,1.0023419,1.0019672,1.0025293,375,400,1000,1375,125
"343",5,349,1.0021546,1.0023419,1.0019672,1.0025293,100,700,900,1375,125
"344",5,350,1.0021546,1.0023419,1.0019672,1.0025293,100,1103,900,1675,125
"345",5,351,1.0019672,1.0021546,1.0017799,1.0023419,700,200,600,903,125
"346",5,352,1.0019672,1.0023419,1.0017799,1.0025293,1175,700,600,1375,125
"347",5,353,1.0019672,1.0023419,1.0017799,1.0025293,600,602,600,1475,125
"348",5,354,1.0021546,1.0023419,1.0019672,1.0025293,1000,302,800,1275,125
"349",5,355,1.0021546,1.0023419,1.0019672,1.0025293,800,100,1000,1075,125
"350",5,356,1.0021546,1.0023419,1.0019672,1.0025293,700,200,1000,900,125
"351",5,357,1.0021546,1.0023419,1.0019672,1.0025293,700,300,1000,1075,125
"352",5,358,1.0021546,1.0023419,1.0019672,1.0025293,700,300,1007,1075,125
"353",5,359,1.0021546,1.0023419,1.0019672,1.0025293,700,300,1007,1075,125
"354",5,360,1.0023419,1.0025293,1.0021546,1.0027167,100,500,800,903,125
"355",5,361,1.0021546,1.0023419,1.0019672,1.0025293,600,400,1007,1075,125
"356",5,362,1.0021546,1.0023419,1.0019672,1.0025293,600,300,1007,1075,125
"357",5,363,1.0019672,1.0023419,1.0017799,1.0025293,907,600,600,1275,125
"358",5,364,1.0019672,1.0021546,1.0017799,1.0023419,907,300,600,1000,125
"359",5,365,1.0019672,1.0021546,1.0017799,1.0023419,900,700,800,900,125
"360",5,366,1.0019672,1.0021546,1.0017799,1.0023419,1000,338,800,1100,125
"361",5,367,1.0021546,1.0023419,1.0019672,1.0025293,1200,400,1100,1075,125
"362",5,368,1.0021546,1.0023419,1.0019672,1.0025293,1000,400,1000,1075,125
"363",5,369,1.0023419,1.0025293,1.0021546,1.0027167,1000,600,900,900,125
"364",5,370,1.0021546,1.0025293,1.0019672,1.0027167,400,1300,900,900,125
"365",5,371,1.0021546,1.0025293,1.0019672,1.0027167,200,1100,900,900,125
"366",5,372,1.0021546,1.0025293,1.0019672,1.0027167,200,1530,900,900,125
"367",5,373,1.0021546,1.0025293,1.0019672,1.0027167,200,1316,900,900,125
"368",5,374,1.0021546,1.0025293,1.0019672,1.0027167,200,1330,900,900,125
"369",5,375,1.0021546,1.0025293,1.0019672,1.0027167,200,1331,900,900,125
"370",5,376,1.0025293,1.0027167,1.0023419,1.0029039,400,703,700,575,125
"371",5,377,1.0025293,1.0027167,1.0023419,1.0029039,100,603,875,975,125
"372",5,378,1.0025293,1.0027167,1.0023419,1.0029039,100,603,700,1083,125
"373",5,379,1.0025293,1.0027167,1.0023419,1.0029039,100,603,700,983,125
"374",5,380,1.0023419,1.0025293,1.0021546,1.0027167,800,300,800,803,125
"375",5,381,1.0023419,1.0025293,1.0021546,1.0027167,400,200,800,903,125
"376",5,382,1.0023419,1.0025293,1.0021546,1.0027167,500,300,800,1003,125
"377",5,383,1.0023419,1.0025293,1.0021546,1.0027167,300,400,800,1103,125
"378",5,384,1.0023419,1.0025293,1.0021546,1.0027167,500,100,800,1203,125
"379",5,385,1.0025293,1.0027167,1.0023419,1.0029039,200,603,707,883,125
"380",5,386,1.0025293,1.0027167,1.0023419,1.0029039,300,303,707,1083,125
"381",5,387,1.0025293,1.0027167,1.0023419,1.0029039,200,903,707,1083,125
"382",5,388,1.0025293,1.0027167,1.0023419,1.0029039,400,503,707,1083,125
"383",5,389,1.0025293,1.0027167,1.0023419,1.0029039,300,303,707,1083,125
"384",5,390,1.0025293,1.0027167,1.0023419,1.0029039,400,303,707,1083,125
"385",5,391,1.0025293,1.0027167,1.0023419,1.0029039,400,403,707,983,125
"386",5,392,1.0025293,1.0027167,1.0023419,1.0029039,400,303,707,1083,125
"387",5,393,1.0025293,1.0027167,1.0023419,1.0029039,500,403,707,783,125
"388",5,394,1.0025293,1.0027167,1.0023419,1.0029039,300,503,707,983,125
"389",5,395,1.0025293,1.0027167,1.0023419,1.0029039,500,403,707,883,125
"390",5,396,1.0025293,1.0027167,1.0023419,1.0029039,400,403,707,783,125
"391",5,397,1.0025293,1.0027167,1.0023419,1.0029039,400,403,707,1083,125
"392",5,398,1.0025293,1.0027167,1.0023419,1.0029039,200,503,782,1083,125
"393",5,399,1.0025293,1.0027167,1.0023419,1.0029039,300,303,782,783,125
"394",5,400,1.0025293,1.0027167,1.0023419,1.0029039,100,603,607,1083,125
"395",5,401,1.0025293,1.0027167,1.0023419,1.0029039,300,403,982,1083,125
"396",5,402,1.0025293,1.0027167,1.0023419,1.0029039,300,503,982,983,125
"397",5,403,1.0025293,1.0027167,1.0023419,1.0029039,400,303,982,1083,125
"398",5,404,1.0025293,1.0027167,1.0023419,1.0029039,700,201,982,783,125
"399",5,405,1.0025293,1.0027167,1.0023419,1.0029039,400,501,982,783,125
"400",5,406,1.0025293,1.0027167,1.0023419,1.0029039,400,601,982,983,125
"401",5,407,1.0025293,1.0027167,1.0023419,1.0029039,200,501,782,1083,125
"402",5,408,1.0025293,1.0027167,1.0023419,1.0029039,200,701,782,1083,125
"403",5,409,1.0025293,1.0027167,1.0023419,1.0029039,300,501,782,1083,125
"404",5,410,1.0025293,1.0027167,1.0023419,1.0029039,100,701,607,983,125
"405",5,411,1.0023419,1.0025293,1.0021546,1.0027167,100,1475,1392,1101,125
"406",5,412,1.0023419,1.0025293,1.0021546,1.0027167,100,1175,1392,1101,125
"407",5,413,1.0023419,1.0025293,1.0021546,1.0027167,300,700,1392,1001,125
"408",5,414,1.0023419,1.0025293,1.0021546,1.0027167,200,800,1392,1001,125
"409",5,415,1.0023419,1.0025293,1.0021546,1.0027167,200,801,1399,1101,125
"410",5,416,1.0023419,1.0025293,1.0021546,1.0027167,500,201,1399,1001,125
"411",5,417,1.0023419,1.0025293,1.0021546,1.0027167,300,306,1399,1001,125
"412",5,418,1.0023419,1.0025293,1.0021546,1.0027167,600,206,1399,1001,125
"413",5,419,1.0023419,1.0025293,1.0021546,1.0027167,700,106,1399,801,125
"414",5,420,1.0025293,1.0027167,1.0023419,1.0029039,200,401,807,975,125
"415",5,421,1.0023419,1.0027167,1.0021546,1.0029039,507,1101,1299,1075,125
"416",5,422,1.0025293,1.0027167,1.0023419,1.0029039,100,701,607,1075,125
"417",5,423,1.0023419,1.0027167,1.0021546,1.0029039,607,901,1299,975,125
"418",5,424,1.0023419,1.0025293,1.0021546,1.0027167,607,404,1299,600,125
"419",5,425,1.0023419,1.0025293,1.0021546,1.0027167,607,404,1299,875,125
"420",5,426,1.0023419,1.0025293,1.0021546,1.0027167,307,404,1299,875,125
"421",5,427,1.0023419,1.0025293,1.0021546,1.0027167,607,301,1299,875,125
"422",5,428,1.0023419,1.0025293,1.0021546,1.0027167,707,301,1299,700,125
"423",5,429,1.0023419,1.0025293,1.0021546,1.0027167,607,201,1299,600,125
"424",5,430,1.0023419,1.0025293,1.0021546,1.0027167,607,201,1299,775,125
"425",5,431,1.0023419,1.0025293,1.0021546,1.0027167,707,261,1299,775,125
"426",5,432,1.0023419,1.0025293,1.0021546,1.0027167,407,361,1299,875,125
"427",5,433,1.0023419,1.0025293,1.0021546,1.0027167,607,361,1299,875,125
"428",5,434,1.0023419,1.0025293,1.0021546,1.0027167,707,261,1299,875,125
"429",5,435,1.0023419,1.0025293,1.0021546,1.0027167,707,361,1299,875,125
"430",5,436,1.0025293,1.0027167,1.0023419,1.0029039,419,504,1107,675,125
"431",5,437,1.0025293,1.0027167,1.0023419,1.0029039,19,701,807,875,125
"432",5,438,1.0023419,1.0025293,1.0021546,1.0027167,807,200,1299,1276,125
"433",5,439,1.0023419,1.0025293,1.0021546,1.0027167,807,100,1299,1101,125
"434",5,440,1.0023419,1.0025293,1.0021546,1.0027167,507,400,1299,1276,125
"435",5,441,1.0023419,1.0025293,1.0021546,1.0027167,707,400,1299,1276,125
"436",5,442,1.0023419,1.0025293,1.0021546,1.0027167,507,400,1299,1276,125
"437",5,443,1.0023419,1.0025293,1.0021546,1.0027167,407,400,1299,1476,125
"438",5,444,1.0023419,1.0025293,1.0021546,1.0027167,407,400,1299,1476,125
"439",5,445,1.0023419,1.0025293,1.0021546,1.0027167,607,400,1299,1476,125
"440",5,446,1.0025293,1.0027167,1.0023419,1.0029039,400,501,607,675,125
"441",5,447,1.0025293,1.0027167,1.0023419,1.0029039,400,501,1007,975,125
"442",5,448,1.0025293,1.0027167,1.0023419,1.0029039,400,501,1007,875,125
"443",5,449,1.0025293,1.0027167,1.0023419,1.0029039,300,501,1007,975,125
"444",5,450,1.0023419,1.0027167,1.0021546,1.0029039,707,1201,1299,1175,125
"445",5,451,1.0023419,1.0025293,1.0021546,1.0027167,207,1700,1299,1201,125
"446",5,452,1.0023419,1.0025293,1.0021546,1.0027167,107,1500,1299,1301,125
"447",5,453,1.0023419,1.0025293,1.0021546,1.0027167,1007,300,1299,1301,125
"448",5,454,1.0023419,1.0025293,1.0021546,1.0027167,207,900,1299,1401,125
"449",5,455,1.0023419,1.0025293,1.0021546,1.0027167,307,400,1199,1401,125
"450",5,457,1.0023419,1.0025293,1.0021546,1.0027167,507,300,1299,1301,125
"451",5,458,1.0023419,1.0025293,1.0021546,1.0027167,607,100,1299,1376,125
"452",5,459,1.0023419,1.0025293,1.0021546,1.0027167,607,100,1299,1376,125
"453",5,460,1.0023419,1.0025293,1.0021546,1.0027167,207,400,1199,1476,125
"454",5,461,1.0023419,1.0025293,1.0021546,1.0027167,707,200,1299,1376,125
"455",5,462,1.0023419,1.0025293,1.0021546,1.0027167,707,200,1299,1376,125
"456",5,463,1.0023419,1.0025293,1.0021546,1.0027167,707,200,1299,1376,125
"457",5,464,1.0023419,1.0025293,1.0021546,1.0027167,707,100,1299,1101,125
"458",5,465,1.0023419,1.0025293,1.0021546,1.0027167,707,400,1299,1376,125
"459",5,466,1.0023419,1.0025293,1.0021546,1.0027167,207,400,1199,1576,125
"460",5,467,1.0023419,1.0025293,1.0021546,1.0027167,307,300,1299,1576,125
"461",5,468,1.0023419,1.0025293,1.0021546,1.0027167,307,300,1199,1576,125
"462",5,469,1.0023419,1.0025293,1.0021546,1.0027167,607,400,1299,1476,125
"463",5,470,1.0023419,1.0025293,1.0021546,1.0027167,607,300,1299,1376,125
"464",5,471,1.0023419,1.0025293,1.0021546,1.0027167,607,100,1099,1276,125
"465",5,472,1.0023419,1.0025293,1.0021546,1.0027167,607,100,1099,1376,125
"466",5,473,1.0023419,1.0025293,1.0021546,1.0027167,507,100,1099,1376,125
"467",5,474,1.0025293,1.0027167,1.0023419,1.0029039,501,401,707,975,125
"468",5,475,1.0025293,1.0027167,1.0023419,1.0029039,101,1001,507,1075,125
"469",5,476,1.0025293,1.0027167,1.0023419,1.0029039,301,401,707,1075,125
"470",5,477,1.0025293,1.0027167,1.0023419,1.0029039,201,602,507,1075,125
"471",5,479,1.0025293,1.0027167,1.0023419,1.0029039,401,402,607,1075,125
"472",5,480,1.0025293,1.0027167,1.0023419,1.0029039,401,402,807,975,125
"473",5,481,1.0025293,1.0027167,1.0023419,1.0029039,601,302,607,975,125
"474",5,482,1.0025293,1.0027167,1.0023419,1.0029039,401,502,507,975,125
"475",5,483,1.0025293,1.0027167,1.0023419,1.0029039,801,226,807,875,125
"476",5,484,1.0025293,1.0027167,1.0023419,1.0029039,801,226,807,775,125
"477",5,485,1.0025293,1.0027167,1.0023419,1.0029039,701,426,607,975,125
"478",5,486,1.0025293,1.0027167,1.0023419,1.0029039,408,426,607,975,125
"479",5,487,1.0025293,1.0027167,1.0023419,1.0029039,308,526,607,1075,125
"480",5,488,1.0025293,1.0027167,1.0023419,1.0029039,108,1502,407,1175,125
"481",5,489,1.0025293,1.0027167,1.0023419,1.0029039,308,1002,782,1175,125
"482",5,490,1.0025293,1.0027167,1.0023419,1.0029039,208,1102,582,1175,125
"483",5,491,1.0025293,1.0027167,1.0023419,1.0029039,308,702,682,1175,125
"484",5,492,1.0025293,1.0027167,1.0023419,1.0029039,208,1102,582,1175,125
"485",5,493,1.0025293,1.0027167,1.0023419,1.0029039,208,802,582,1175,125
"486",5,494,1.0025293,1.0027167,1.0023419,1.0029039,208,702,782,1175,125
"487",5,495,1.0025293,1.0027167,1.0023419,1.0029039,208,702,782,1175,125
"488",5,496,1.0025293,1.0027167,1.0023419,1.0029039,208,1002,407,1175,125
"489",5,497,1.0025293,1.0027167,1.0023419,1.0029039,208,1002,407,1275,125
"490",5,498,1.0025293,1.0027167,1.0023419,1.0029039,208,1026,407,1275,125
"491",5,499,1.0025293,1.0027167,1.0023419,1.0029039,208,1026,407,1275,125
"492",5,500,1.0025293,1.0027167,1.0023419,1.0029039,208,1026,582,1275,125
"493",5,501,1.0025293,1.0027167,1.0023419,1.0029039,208,893,782,1275,125
"494",5,502,1.0025293,1.0027167,1.0023419,1.0029039,308,793,782,1275,125
"495",5,503,1.0027167,1.0029039,1.0025293,1.0030913,421,1407,807,632,125
"496",5,504,1.0027167,1.0029039,1.0025293,1.0030913,421,1307,807,932,125
"497",5,505,1.0027167,1.0029039,1.0025293,1.0030913,321,1207,607,832,125
"498",5,506,1.0027167,1.0029039,1.0025293,1.0030913,121,1346,507,932,125
"499",5,507,1.0027167,1.0029039,1.0025293,1.0030913,221,1307,682,932,125
"500",5,509,1.0025293,1.0027167,1.0023419,1.0029039,209,1200,682,1907,125
"501",5,510,1.0023419,1.0025293,1.0021546,1.0027167,300,1003,999,1400,125
"502",5,511,1.0023419,1.0025293,1.0021546,1.0027167,300,1036,999,1500,125
"503",5,512,1.0023419,1.0025293,1.0021546,1.0027167,300,1136,999,1500,125
"504",5,513,1.0023419,1.0025293,1.0021546,1.0027167,400,1036,999,1500,125
"505",5,514,1.0023419,1.0025293,1.0021546,1.0027167,300,1036,999,1500,125
"506",5,515,1.0023419,1.0025293,1.0021546,1.0027167,300,1036,999,1400,125
"507",5,516,1.0023419,1.0025293,1.0021546,1.0027167,200,1236,899,1500,125
"508",5,517,1.0023419,1.0025293,1.0021546,1.0027167,400,1136,999,1400,125
"509",5,518,1.0023419,1.0025293,1.0021546,1.0027167,400,1136,999,1400,125
"510",5,519,1.0023419,1.0025293,1.0021546,1.0027167,400,1136,999,1400,125
"511",5,520,1.0023419,1.0025293,1.0021546,1.0027167,300,1136,899,1400,125
"512",5,521,1.0023419,1.0025293,1.0021546,1.0027167,200,1336,899,1500,125
"513",5,522,1.0023419,1.0025293,1.0021546,1.0027167,100,1436,724,1500,125
"514",5,523,1.0023419,1.0025293,1.0021546,1.0027167,300,1436,899,1600,125
"515",5,524,1.0023419,1.0025293,1.0021546,1.0027167,400,1136,999,1500,125
"516",5,525,1.0023419,1.0025293,1.0021546,1.0027167,400,1236,999,1500,125
"517",5,526,1.0023419,1.0025293,1.0021546,1.0027167,200,1460,899,1500,125
"518",5,527,1.0023419,1.0025293,1.0021546,1.0027167,400,1136,999,1500,125
"519",5,528,1.0023419,1.0025293,1.0021546,1.0027167,400,1136,999,1500,125
"520",5,529,1.0023419,1.0025293,1.0021546,1.0027167,300,1336,899,1500,125
"521",5,530,1.0023419,1.0025293,1.0021546,1.0027167,500,1236,999,1500,125
"522",5,531,1.0023419,1.0025293,1.0021546,1.0027167,200,1560,724,1600,125
"523",5,532,1.0023419,1.0025293,1.0021546,1.0027167,200,1560,899,1600,125
"524",5,533,1.0023419,1.0025293,1.0021546,1.0027167,100,1536,899,1600,125
"525",5,534,1.0023419,1.0025293,1.0021546,1.0027167,200,1536,899,1600,125
"526",5,535,1.0023419,1.0025293,1.0021546,1.0027167,200,1460,899,1600,125
"527",5,536,1.0023419,1.0025293,1.0021546,1.0027167,99,1436,1024,1500,125
"528",5,537,1.0021546,1.0023419,1.0019672,1.0025293,624,600,800,1436,125
"529",5,538,1.0019672,1.0021546,1.0017799,1.0023419,200,1284,500,1100,125
"530",5,539,1.0021546,1.0023419,1.0019672,1.0025293,600,900,900,1436,125
"531",5,540,1.0021546,1.0023419,1.0019672,1.0025293,300,1001,800,1536,125
"532",5,541,1.0021546,1.0023419,1.0019672,1.0025293,200,1001,700,1636,125
"533",5,542,1.0021546,1.0023419,1.0019672,1.0025293,300,901,975,1536,125
"534",5,544,1.0021546,1.0023419,1.0019672,1.0025293,500,300,975,1536,125
"535",5,545,1.0021546,1.0023419,1.0019672,1.0025293,500,200,1175,1536,125
"536",5,546,1.0021546,1.0023419,1.0019672,1.0025293,600,200,1182,1536,125
"537",5,547,1.0021546,1.0023419,1.0019672,1.0025293,700,400,1182,1536,125
"538",5,548,1.0021546,1.0023419,1.0019672,1.0025293,500,400,1182,1536,125
"539",5,549,1.0021546,1.0023419,1.0019672,1.0025293,500,400,1182,1336,125
"540",5,550,1.0021546,1.0023419,1.0019672,1.0025293,500,400,1182,1536,125
"541",5,551,1.0021546,1.0023419,1.0019672,1.0025293,400,500,1182,1536,125
"542",5,552,1.0023419,1.0025293,1.0021546,1.0027167,200,1336,707,1400,125
"543",5,553,1.0023419,1.0025293,1.0021546,1.0027167,600,236,882,1300,125
"544",5,554,1.0023419,1.0025293,1.0021546,1.0027167,300,336,882,1300,125
"545",5,555,1.0023419,1.0025293,1.0021546,1.0027167,300,336,882,1300,125
"546",5,556,1.0021546,1.0023419,1.0019672,1.0025293,509,1177,1082,1336,125
"547",5,557,1.0021546,1.0023419,1.0019672,1.0025293,399,1077,1092,1236,125
"548",5,558,1.0021546,1.0023419,1.0019672,1.0025293,200,1075,892,1236,125
"549",5,559,1.0021546,1.0023419,1.0019672,1.0025293,100,1175,717,1236,125
"550",5,560,1.0021546,1.0023419,1.0019672,1.0025293,300,1077,892,1236,125
"551",5,561,1.0021546,1.0023419,1.0019672,1.0025293,300,302,1092,1236,125
"552",5,562,1.0021546,1.0023419,1.0019672,1.0025293,300,302,1092,1236,125
"553",5,564,1.0021546,1.0023419,1.0019672,1.0025293,500,102,1092,1036,125
"554",5,565,1.0021546,1.0023419,1.0019672,1.0025293,400,302,1092,1236,125
"555",5,566,1.0021546,1.0023419,1.0019672,1.0025293,500,2,1092,1236,125
"556",5,567,1.0021546,1.0023419,1.0019672,1.0025293,400,402,1092,1203,125
"557",5,568,1.0019672,1.0021546,1.0017799,1.0023419,410,200,675,802,125
"558",5,569,1.0019672,1.0021546,1.0017799,1.0023419,500,1447,900,1202,125
"559",5,570,1.0017799,1.0019672,1.0015925,1.0021546,700,300,700,903,125
"560",5,571,1.0017799,1.0019672,1.0015925,1.0021546,500,501,700,1106,125
"561",5,572,1.0017799,1.0019672,1.0015925,1.0021546,500,204,700,1303,125
"562",5,573,1.0017799,1.0019672,1.0015925,1.0021546,300,600,700,1307,125
"563",5,574,1.0015925,1.0017799,1.0014051,1.0019672,900,200,900,905,125
"564",5,575,1.0015925,1.0017799,1.0014051,1.0019672,300,502,800,1203,125
"565",5,576,1.0015925,1.0017799,1.0014051,1.0019672,300,407,800,1300,125
"566",5,577,1.0015925,1.0017799,1.0014051,1.0019672,300,405,1000,1101,125
"567",5,578,1.0015925,1.0017799,1.0014051,1.0019672,500,505,1000,1001,125
"568",5,579,1.0014051,1.0015925,1.0012178,1.0017799,400,500,500,1003,125
"569",5,580,1.0014051,1.0015925,1.0012178,1.0017799,400,506,500,1101,125
"570",5,581,1.0014051,1.0015925,1.0012178,1.0017799,400,708,500,1400,125
"571",5,582,1.0014051,1.0015925,1.0012178,1.0017799,200,1108,400,1400,125
"572",5,583,1.0014051,1.0015925,1.0012178,1.0017799,400,608,500,1400,125
"573",5,584,1.0014051,1.0015925,1.0012178,1.0017799,400,608,400,1300,125
"574",5,585,1.0014051,1.0015925,1.0012178,1.0017799,400,710,400,1300,125
"575",5,586,1.0014051,1.0015925,1.0012178,1.0017799,200,1210,600,1400,125
"576",5,587,1.0014051,1.0015925,1.0012178,1.0017799,200,1105,400,1400,125
"577",5,588,1.0015925,1.0017799,1.0014051,1.0019672,100,1212,1000,1000,125
"578",5,590,1.0015925,1.0017799,1.0014051,1.0019672,600,412,1100,1100,125
"579",5,591,1.0015925,1.0017799,1.0014051,1.0019672,400,412,1100,1100,125
"580",5,592,1.0015925,1.0017799,1.0014051,1.0019672,600,412,1100,1100,125
"581",5,593,1.0015925,1.0017799,1.0014051,1.0019672,700,312,1100,1100,125
"582",5,594,1.0015925,1.0017799,1.0014051,1.0019672,600,412,1100,1100,125
"583",5,595,1.0015925,1.0017799,1.0014051,1.0019672,500,412,1100,1100,125
"584",5,596,1.0015925,1.0017799,1.0014051,1.0019672,600,412,1100,1100,125
"585",5,597,1.0015925,1.0017799,1.0014051,1.0019672,600,512,1100,1100,125
"586",5,598,1.0015925,1.0017799,1.0014051,1.0019672,500,412,1100,1100,125
"587",5,599,1.0015925,1.0017799,1.0014051,1.0019672,600,412,1100,1100,125
"588",11,0,1.0006263,1.0008053,1.0004474,1.0009842,2040,738,1520,875,125
"589",11,1,1.0006263,1.0008053,1.0004474,1.0009842,1240,700,1320,1309,125
"590",11,2,1.0006263,1.0008053,1.0004474,1.0009842,1540,400,1420,1209,125
"591",11,3,1.0006263,1.0008053,1.0004474,1.0009842,1540,100,1420,1209,125
"592",11,4,1.0006263,1.0008053,1.0004474,1.0009842,1440,100,1420,1209,125
"593",11,5,1.0006263,1.0008053,1.0004474,1.0009842,1440,400,1420,1209,125
"594",11,6,1.0006263,1.0008053,1.0004474,1.0009842,1540,100,1420,1209,125
"595",11,7,1.0006263,1.0008053,1.0004474,1.0009842,1540,101,1420,1209,125
"596",11,8,1.0006263,1.0008053,1.0004474,1.0009842,1340,101,1420,1209,125
"597",11,9,1.0006263,1.0008053,1.0004474,1.0009842,1340,101,1220,1309,125
"598",11,11,1.0006263,1.0008053,1.0004474,1.0009842,1640,201,1220,1409,125
"599",11,12,1.0006263,1.0008053,1.0004474,1.0009842,1440,401,1420,1409,125
"600",11,13,1.0006263,1.0008053,1.0004474,1.0009842,1140,301,1220,1409,125
"601",11,14,1.0006263,1.0008053,1.0004474,1.0009842,1340,301,1220,1409,125
"602",11,15,1.0006263,1.0008053,1.0004474,1.0009842,1340,301,1420,1509,125
"603",11,16,1.0006263,1.0008053,1.0004474,1.0009842,1140,301,1420,1509,125
"604",11,18,1.0006263,1.0008053,1.0004474,1.0009842,1440,201,1420,1509,125
"605",11,19,1.0006263,1.0008053,1.0004474,1.0009842,1440,201,1420,1309,125
"606",11,23,1.0006263,1.0008053,1.0004474,1.0009842,1540,201,1420,1309,125
"607",11,25,1.0006263,1.0008053,1.0004474,1.0009842,1440,301,1420,1309,125
"608",11,27,1.0006263,1.0008053,1.0004474,1.0009842,1340,401,1220,1509,125
"609",11,28,1.0006263,1.0008053,1.0004474,1.0009842,1340,801,1220,1509,125
"610",11,30,1.0004474,1.0006263,1.0002685,1.0008053,1512,500,1280,1301,125
"611",11,31,1.0004474,1.0006263,1.0002685,1.0008053,1512,800,1280,1301,125
"612",11,32,1.0004474,1.0006263,1.0002685,1.0008053,1412,800,1280,1301,125
"613",11,33,1.0004474,1.0006263,1.0002685,1.0008053,1412,900,1200,1301,125
"614",11,34,1.0004474,1.0006263,1.0002685,1.0008053,1412,900,1200,1301,125
"615",11,35,1.0004474,1.0006263,1.0002685,1.0008053,1412,700,1200,1301,125
"616",11,36,1.0004474,1.0006263,1.0002685,1.0008053,1412,700,1200,1301,125
"617",11,38,1.0004474,1.0006263,1.0002685,1.0008053,1512,700,1200,1301,125
"618",11,39,1.0004474,1.0006263,1.0002685,1.0008053,1512,701,1200,1108,125
"619",11,40,1.0004474,1.0006263,1.0002685,1.0008053,1512,701,1200,1308,125
"620",11,41,1.0004474,1.0006263,1.0002685,1.0008053,1512,601,1200,1108,125
"621",11,43,1.0006263,1.0008053,1.0004474,1.0009842,1916,808,1600,1228,125
"622",11,44,1.0006263,1.0008053,1.0004474,1.0009842,1716,808,1800,1228,125
"623",11,45,1.0006263,1.0008053,1.0004474,1.0009842,1316,808,1800,1228,125
"624",11,46,1.0006263,1.0008053,1.0004474,1.0009842,1316,808,1800,1228,125
"625",11,47,1.0006263,1.0008053,1.0004474,1.0009842,1516,808,1800,1228,125
"626",11,48,1.0006263,1.0008053,1.0004474,1.0009842,1312,808,1800,1228,125
"627",11,51,1.0006263,1.0008053,1.0004474,1.0009842,1312,808,1600,1228,125
"628",11,53,1.0006263,1.0008053,1.0004474,1.0009842,1312,808,1600,1228,125
"629",11,54,1.0006263,1.0008053,1.0004474,1.0009842,1412,808,1600,1228,125
"630",11,55,1.0006263,1.0008053,1.0004474,1.0009842,1412,708,1800,1028,125
"631",11,57,1.0006263,1.0008053,1.0004474,1.0009842,1512,708,1800,1028,125
"632",11,58,1.0006263,1.0008053,1.0004474,1.0009842,1512,708,1800,1028,125
"633",11,59,1.0006263,1.0008053,1.0004474,1.0009842,1412,708,1800,1028,125
"634",11,60,1.0006263,1.0008053,1.0004474,1.0009842,1412,708,1800,1028,125
"635",11,61,1.0006263,1.0008053,1.0004474,1.0009842,1712,608,1500,1228,125
"636",11,62,1.0006263,1.0008053,1.0004474,1.0009842,1712,608,1600,1028,125
"637",11,63,1.0006263,1.0008053,1.0004474,1.0009842,1712,608,1600,1228,125
"638",11,64,1.0006263,1.0008053,1.0004474,1.0009842,1712,608,1600,1028,125
"639",11,66,1.0006263,1.0008053,1.0004474,1.0009842,1712,608,1800,1028,125
"640",11,67,1.0008053,1.0009842,1.0006263,1.0011631,1616,353,1800,504,125
"641",11,68,1.0008053,1.0009842,1.0006263,1.0011631,816,353,1700,504,125
"642",11,69,1.0008053,1.0009842,1.0006263,1.0011631,616,353,1700,504,125
"643",11,71,1.0008053,1.0009842,1.0006263,1.0011631,716,353,1900,620,125
"644",11,72,1.0008053,1.0009842,1.0006263,1.0011631,716,553,1900,620,125
"645",11,73,1.0008053,1.0009842,1.0006263,1.0011631,816,353,1900,620,125
"646",11,75,1.0008053,1.0009842,1.0006263,1.0011631,916,353,1900,620,125
"647",11,76,1.0008053,1.0009842,1.0006263,1.0011631,816,353,2000,616,125
"648",11,77,1.0008053,1.0009842,1.0006263,1.0011631,716,553,2100,616,125
"649",11,78,1.0008053,1.0009842,1.0006263,1.0011631,716,553,2100,616,125
"650",11,79,1.0008053,1.0009842,1.0006263,1.0011631,816,453,2100,616,125
"651",11,80,1.0008053,1.0009842,1.0006263,1.0011631,916,453,2100,616,125
"652",11,81,1.0008053,1.0009842,1.0006263,1.0011631,216,1153,2100,616,125
"653",11,83,1.0008053,1.0009842,1.0006263,1.0011631,316,1157,2100,616,125
"654",11,84,1.0008053,1.0009842,1.0006263,1.0011631,316,1161,2100,616,125
"655",11,86,1.0008053,1.0009842,1.0006263,1.0011631,416,1157,2100,616,125
"656",11,87,1.0008053,1.0009842,1.0006263,1.0011631,416,857,2100,616,125
"657",11,89,1.0008053,1.0009842,1.0006263,1.0011631,416,860,2100,616,125
"658",11,90,1.0008053,1.0009842,1.0006263,1.0011631,796,560,2260,616,125
"659",11,91,1.0008053,1.0009842,1.0006263,1.0011631,496,560,2260,616,125
"660",11,92,1.0008053,1.0009842,1.0006263,1.0011631,496,557,2260,616,125
"661",11,93,1.0008053,1.0009842,1.0006263,1.0011631,496,557,2100,616,125
"662",11,94,1.0008053,1.0009842,1.0006263,1.0011631,496,553,2100,616,125
"663",11,95,1.0008053,1.0009842,1.0006263,1.0011631,696,553,2100,616,125
"664",11,96,1.0008053,1.0009842,1.0006263,1.0011631,596,556,2100,616,125
"665",11,97,1.0008053,1.0009842,1.0006263,1.0011631,696,556,2100,616,125
"666",11,98,1.0008053,1.0009842,1.0006263,1.0011631,596,556,2100,616,125
"667",11,99,1.0008053,1.0009842,1.0006263,1.0011631,596,557,2100,616,125
"668",11,101,1.0008053,1.0009842,1.0006263,1.0011631,496,857,2100,644,125
"669",11,102,1.0008053,1.0009842,1.0006263,1.0011631,496,757,2100,644,125
"670",11,103,1.0008053,1.0009842,1.0006263,1.0011631,496,856,2100,644,125
"671",11,104,1.0008053,1.0009842,1.0006263,1.0011631,496,853,2100,644,125
"672",11,108,1.0008053,1.0009842,1.0006263,1.0011631,496,855,2100,644,125
"673",11,110,1.0006263,1.0008053,1.0004474,1.0009842,1032,950,1200,1130,125
"674",11,111,1.0006263,1.0008053,1.0004474,1.0009842,1032,850,1200,1130,125
"675",11,113,1.0006263,1.0008053,1.0004474,1.0009842,1032,850,1200,1128,125
"676",11,114,1.0008053,1.0009842,1.0006263,1.0011631,600,720,1432,663,125
"677",11,115,1.0008053,1.0009842,1.0006263,1.0011631,528,820,1432,663,125
"678",11,116,1.0008053,1.0009842,1.0006263,1.0011631,928,620,1432,663,125
"679",11,118,1.0008053,1.0009842,1.0006263,1.0011631,1028,620,1232,663,125
"680",11,119,1.0008053,1.0009842,1.0006263,1.0011631,728,821,1232,663,125
"681",11,120,1.0008053,1.0009842,1.0006263,1.0011631,628,621,1214,663,125
"682",11,121,1.0008053,1.0009842,1.0006263,1.0011631,628,819,1214,663,125
"683",11,122,1.0006263,1.0008053,1.0004474,1.0009842,614,700,1300,1819,125
"684",11,123,1.0006263,1.0008053,1.0004474,1.0009842,914,400,1300,1719,125
"685",11,124,1.0006263,1.0008053,1.0004474,1.0009842,914,400,1300,1619,125
"686",11,125,1.0006263,1.0008053,1.0004474,1.0009842,800,600,1314,1719,125
"687",11,126,1.0006263,1.0008053,1.0004474,1.0009842,800,400,1314,1719,125
"688",11,127,1.0006263,1.0008053,1.0004474,1.0009842,900,300,1314,1719,125
"689",11,128,1.0006263,1.0008053,1.0004474,1.0009842,1500,300,1314,1719,125
"690",11,130,1.0006263,1.0008053,1.0004474,1.0009842,700,600,1314,1719,125
"691",11,131,1.0006263,1.0008053,1.0004474,1.0009842,700,400,1314,1719,125
"692",11,133,1.0006263,1.0008053,1.0004474,1.0009842,700,700,1314,1719,125
"693",11,135,1.0006263,1.0008053,1.0004474,1.0009842,700,700,1314,1719,125
"694",11,136,1.0006263,1.0008053,1.0004474,1.0009842,600,706,1314,1738,125
"695",11,139,1.0006263,1.0008053,1.0004474,1.0009842,600,705,1314,1738,125
"696",11,140,1.0006263,1.0008053,1.0004474,1.0009842,600,705,1314,1638,125
"697",11,141,1.0006263,1.0008053,1.0004474,1.0009842,600,805,1314,1638,125
"698",11,142,1.0006263,1.0008053,1.0004474,1.0009842,600,700,1314,1638,125
"699",11,144,1.0006263,1.0008053,1.0004474,1.0009842,600,700,1314,1638,125
"700",11,146,1.0004474,1.0006263,1.0002685,1.0008053,600,319,1314,1100,125
"701",11,147,1.0004474,1.0006263,1.0002685,1.0008053,500,719,1314,1100,125
"702",11,148,1.0004474,1.0006263,1.0002685,1.0008053,300,819,1314,1219,125
"703",11,149,1.0004474,1.0006263,1.0002685,1.0008053,800,521,1314,1219,125
"704",11,150,1.0004474,1.0006263,1.0002685,1.0008053,1280,521,1474,1219,125
"705",11,152,1.0004474,1.0006263,1.0002685,1.0008053,1180,621,1474,1219,125
"706",11,153,1.0004474,1.0006263,1.0002685,1.0008053,580,521,1474,1219,125
"707",11,154,1.0004474,1.0006263,1.0002685,1.0008053,580,529,1474,1219,125
"708",11,155,1.0004474,1.0006263,1.0002685,1.0008053,380,629,1474,1219,125
"709",11,156,1.0004474,1.0006263,1.0002685,1.0008053,380,729,1474,1219,125
"710",11,157,1.0004474,1.0006263,1.0002685,1.0008053,480,729,1474,1219,125
"711",11,158,1.0004474,1.0006263,1.0002685,1.0008053,480,727,1474,1219,125
"712",11,159,1.0004474,1.0006263,1.0002685,1.0008053,480,728,1474,1219,125
"713",11,160,1.0004474,1.0006263,1.0002685,1.0008053,480,628,1474,1219,125
"714",11,161,1.0004474,1.0006263,1.0002685,1.0008053,480,729,1474,1219,125
"715",11,162,1.0004474,1.0006263,1.0002685,1.0008053,480,729,1474,1219,125
"716",11,163,1.0004474,1.0006263,1.0002685,1.0008053,480,729,1474,1219,125
"717",11,164,1.0004474,1.0006263,1.0002685,1.0008053,480,619,1474,1219,125
"718",11,165,1.0004474,1.0006263,1.0002685,1.0008053,580,619,1474,1219,125
"719",11,166,1.0004474,1.0006263,1.0002685,1.0008053,580,727,1474,1219,125
"720",11,167,1.0004474,1.0006263,1.0002685,1.0008053,580,727,1474,1219,125
"721",11,169,1.0004474,1.0006263,1.0002685,1.0008053,500,819,1474,1219,125
"722",11,172,1.0004474,1.0006263,1.0002685,1.0008053,500,819,1314,1219,125
"723",11,173,1.0004474,1.0006263,1.0002685,1.0008053,400,823,1314,1219,125
"724",11,174,1.0004474,1.0006263,1.0002685,1.0008053,500,723,1314,1219,125
"725",11,175,1.0004474,1.0006263,1.0002685,1.0008053,500,723,1314,1219,125
"726",11,176,1.0004474,1.0006263,1.0002685,1.0008053,600,419,1314,919,125
"727",11,177,1.0004474,1.0006263,1.0002685,1.0008053,700,419,1314,919,125
"728",11,178,1.0004474,1.0006263,1.0002685,1.0008053,900,319,1314,919,125
"729",11,179,1.0006263,1.0008053,1.0004474,1.0009842,1700,319,1914,938,125
"730",11,180,1.0006263,1.0008053,1.0004474,1.0009842,1600,419,2014,1138,125
"731",11,181,1.0006263,1.0008053,1.0004474,1.0009842,1400,419,1814,1138,125
"732",11,182,1.0006263,1.0008053,1.0004474,1.0009842,1300,419,1814,1338,125
"733",11,183,1.0006263,1.0008053,1.0004474,1.0009842,814,419,1800,1338,125
"734",11,184,1.0006263,1.0008053,1.0004474,1.0009842,914,419,1800,1338,125
"735",11,187,1.0006263,1.0008053,1.0004474,1.0009842,1014,419,1800,1338,125
"736",11,188,1.0006263,1.0008053,1.0004474,1.0009842,1604,220,2000,1138,125
"737",11,189,1.0006263,1.0008053,1.0004474,1.0009842,1604,219,2000,1138,125
"738",11,191,1.0004474,1.0006263,1.0002685,1.0008053,1522,400,1400,928,125
"739",11,192,1.0004474,1.0006263,1.0002685,1.0008053,1422,400,1400,928,125
"740",11,193,1.0004474,1.0006263,1.0002685,1.0008053,1422,300,1400,928,125
"741",11,194,1.0004474,1.0006263,1.0002685,1.0008053,1422,701,1400,928,125
"742",11,195,1.0004474,1.0006263,1.0002685,1.0008053,1422,701,1400,728,125
"743",11,196,1.0004474,1.0006263,1.0002685,1.0008053,1422,701,1400,728,125
"744",11,197,1.0004474,1.0006263,1.0002685,1.0008053,722,701,1400,928,125
"745",11,198,1.0004474,1.0006263,1.0002685,1.0008053,722,700,1400,928,125
"746",11,199,1.0004474,1.0006263,1.0002685,1.0008053,622,702,1400,928,125
"747",11,200,1.0004474,1.0006263,1.0002685,1.0008053,822,702,1400,928,125
"748",11,202,1.0004474,1.0006263,1.0002685,1.0008053,722,902,1400,928,125
"749",11,204,1.0004474,1.0006263,1.0002685,1.0008053,722,903,1400,928,125
"750",11,205,1.0004474,1.0006263,1.0002685,1.0008053,622,903,1500,928,125
"751",11,206,1.0004474,1.0006263,1.0002685,1.0008053,622,903,1500,928,125
"752",11,207,1.0004474,1.0006263,1.0002685,1.0008053,722,609,1500,928,125
"753",11,208,1.0004474,1.0006263,1.0002685,1.0008053,722,609,1500,928,125
"754",11,209,1.0004474,1.0006263,1.0002685,1.0008053,822,602,1500,928,125
"755",11,210,1.0004474,1.0006263,1.0002685,1.0008053,1552,502,1660,928,125
"756",11,211,1.0004474,1.0006263,1.0002685,1.0008053,1552,300,1660,728,125
"757",11,212,1.0004474,1.0006263,1.0002685,1.0008053,1472,300,1660,728,125
"758",11,214,1.0004474,1.0006263,1.0002685,1.0008053,1472,500,1660,928,125
"759",11,215,1.0004474,1.0006263,1.0002685,1.0008053,1472,500,1500,928,125
"760",11,216,1.0004474,1.0006263,1.0002685,1.0008053,1572,400,1500,728,125
"761",11,217,1.0004474,1.0006263,1.0002685,1.0008053,1472,400,1500,928,125
"762",11,218,1.0004474,1.0006263,1.0002685,1.0008053,1022,700,1500,928,125
"763",11,219,1.0004474,1.0006263,1.0002685,1.0008053,1022,803,1500,928,125
"764",11,220,1.0004474,1.0006263,1.0002685,1.0008053,922,803,1500,937,125
"765",11,221,1.0004474,1.0006263,1.0002685,1.0008053,922,803,1500,937,125
"766",11,222,1.0004474,1.0006263,1.0002685,1.0008053,1022,803,1500,937,125
"767",11,223,1.0004474,1.0006263,1.0002685,1.0008053,822,800,1500,937,125
"768",11,224,1.0004474,1.0006263,1.0002685,1.0008053,722,802,1500,937,125
"769",11,225,1.0004474,1.0006263,1.0002685,1.0008053,522,1102,1500,937,125
"770",11,226,1.0004474,1.0006263,1.0002685,1.0008053,622,802,1500,937,125
"771",11,227,1.0004474,1.0006263,1.0002685,1.0008053,622,807,1500,937,125
"772",11,228,1.0004474,1.0006263,1.0002685,1.0008053,722,800,1500,937,125
"773",11,229,1.0004474,1.0006263,1.0002685,1.0008053,722,801,1500,937,125
"774",11,232,1.0004474,1.0006263,1.0002685,1.0008053,1372,801,1500,937,125
"775",11,233,1.0004474,1.0006263,1.0002685,1.0008053,1473,801,1500,937,125
"776",11,235,1.0004474,1.0006263,1.0002685,1.0008053,1373,801,1500,937,125
"777",11,236,1.0004474,1.0006263,1.0002685,1.0008053,1373,801,1500,937,125
"778",11,237,1.0004474,1.0006263,1.0002685,1.0008053,823,601,1500,937,125
"779",11,238,1.0004474,1.0006263,1.0002685,1.0008053,822,601,1500,937,125
"780",11,239,1.0004474,1.0006263,1.0002685,1.0008053,822,609,1500,937,125
"781",11,240,1.0004474,1.0006263,1.0002685,1.0008053,922,609,1500,937,125
"782",11,241,1.0004474,1.0006263,1.0002685,1.0008053,922,611,1500,937,125
"783",11,242,1.0004474,1.0006263,1.0002685,1.0008053,1022,600,1500,937,125
"784",11,243,1.0004474,1.0006263,1.0002685,1.0008053,923,800,1500,937,125
"785",11,244,1.0004474,1.0006263,1.0002685,1.0008053,922,802,1500,937,125
"786",11,245,1.0004474,1.0006263,1.0002685,1.0008053,922,902,1500,937,125
"787",11,246,1.0004474,1.0006263,1.0002685,1.0008053,922,802,1500,937,125
"788",11,247,1.0004474,1.0006263,1.0002685,1.0008053,922,802,1500,937,125
"789",11,252,1.0004474,1.0006263,1.0002685,1.0008053,822,935,1500,937,125
"790",11,253,1.0004474,1.0006263,1.0002685,1.0008053,922,935,1500,937,125
"791",11,254,1.0004474,1.0006263,1.0002685,1.0008053,922,936,1500,937,125
"792",11,255,1.0004474,1.0006263,1.0002685,1.0008053,922,936,1500,937,125
"793",11,256,1.0004474,1.0006263,1.0002685,1.0008053,922,836,1500,937,125
"794",11,259,1.0004474,1.0006263,1.0002685,1.0008053,922,936,1500,946,125
"795",11,260,1.0004474,1.0006263,1.0002685,1.0008053,922,1103,1500,946,125
"796",11,263,1.0004474,1.0006263,1.0002685,1.0008053,922,1103,1500,946,125
"797",11,264,1.0004474,1.0006263,1.0002685,1.0008053,922,1100,1500,946,125
"798",11,265,1.0004474,1.0006263,1.0002685,1.0008053,1022,1000,1500,946,125
"799",11,266,1.0004474,1.0006263,1.0002685,1.0008053,922,1100,1500,946,125
"800",11,267,1.0004474,1.0006263,1.0002685,1.0008053,1022,1000,1500,946,125
"801",11,268,1.0004474,1.0006263,1.0002685,1.0008053,1022,1000,1500,946,125
"802",11,269,1.0004474,1.0006263,1.0002685,1.0008053,1222,1000,1600,946,125
"803",11,270,1.0004474,1.0006263,1.0002685,1.0008053,1303,800,1760,946,125
"804",11,271,1.0004474,1.0006263,1.0002685,1.0008053,1593,800,1760,946,125
"805",11,273,1.0004474,1.0006263,1.0002685,1.0008053,1203,900,1760,746,125
"806",11,276,1.0004474,1.0006263,1.0002685,1.0008053,1203,1000,1760,946,125
"807",11,281,1.0004474,1.0006263,1.0002685,1.0008053,1202,1000,1760,746,125
"808",11,282,1.0004474,1.0006263,1.0002685,1.0008053,1203,1000,1760,946,125
"809",11,283,1.0004474,1.0006263,1.0002685,1.0008053,1203,1000,1600,946,125
"810",11,284,1.0004474,1.0006263,1.0002685,1.0008053,1123,1000,1600,946,125
"811",11,285,1.0004474,1.0006263,1.0002685,1.0008053,1023,1100,1600,946,125
"812",11,286,1.0004474,1.0006263,1.0002685,1.0008053,922,1101,1600,946,125
"813",11,287,1.0004474,1.0006263,1.0002685,1.0008053,1022,1001,1600,953,125
"814",11,288,1.0004474,1.0006263,1.0002685,1.0008053,922,1001,1600,953,125
"815",11,289,1.0004474,1.0006263,1.0002685,1.0008053,922,1106,1600,953,125
"816",11,290,1.0004474,1.0006263,1.0002685,1.0008053,922,1306,1600,953,125
"817",11,291,1.0004474,1.0006263,1.0002685,1.0008053,1022,1306,1600,953,125
"818",11,293,1.0004474,1.0006263,1.0002685,1.0008053,1712,1306,1600,953,125
"819",11,294,1.0004474,1.0006263,1.0002685,1.0008053,1613,1306,1600,953,125
"820",11,296,1.0004474,1.0006263,1.0002685,1.0008053,1513,1306,1600,953,125
"821",11,300,1.0004474,1.0006263,1.0002685,1.0008053,1023,1306,1600,953,125
"822",11,301,1.0004474,1.0006263,1.0002685,1.0008053,1022,1306,1600,953,125
"823",11,302,1.0004474,1.0006263,1.0002685,1.0008053,1022,1406,1600,953,125
"824",11,303,1.0004474,1.0006263,1.0002685,1.0008053,1022,1406,1600,953,125
"825",11,304,1.0004474,1.0006263,1.0002685,1.0008053,1412,1404,1600,953,125
"826",11,305,1.0004474,1.0006263,1.0002685,1.0008053,1022,1404,1600,962,125
"827",11,306,1.0004474,1.0006263,1.0002685,1.0008053,1122,1504,1600,962,125
"828",11,307,1.0004474,1.0006263,1.0002685,1.0008053,1122,1513,1600,762,125
"829",11,308,1.0004474,1.0006263,1.0002685,1.0008053,1222,1514,1600,762,125
"830",11,309,1.0006263,1.0008053,1.0004474,1.0009842,2165,395,1601,1023,125
"831",11,310,1.0006263,1.0008053,1.0004474,1.0009842,2066,395,1500,923,125
"832",11,311,1.0006263,1.0008053,1.0004474,1.0009842,2066,395,1500,923,125
"833",11,312,1.0006263,1.0008053,1.0004474,1.0009842,1266,495,1300,923,125
"834",11,313,1.0006263,1.0008053,1.0004474,1.0009842,1366,495,1400,923,125
"835",11,314,1.0006263,1.0008053,1.0004474,1.0009842,1366,501,1600,923,125
"836",11,315,1.0006263,1.0008053,1.0004474,1.0009842,1266,501,1600,1123,125
"837",11,316,1.0006263,1.0008053,1.0004474,1.0009842,1466,601,1600,1123,125
"838",11,317,1.0006263,1.0008053,1.0004474,1.0009842,1566,501,1700,1123,125
"839",11,318,1.0006263,1.0008053,1.0004474,1.0009842,1566,495,1700,1123,125
"840",11,319,1.0006263,1.0008053,1.0004474,1.0009842,1666,495,1700,923,125
"841",11,320,1.0006263,1.0008053,1.0004474,1.0009842,1566,495,1700,1123,125
"842",11,321,1.0006263,1.0008053,1.0004474,1.0009842,1666,495,1700,1123,125
"843",11,322,1.0006263,1.0008053,1.0004474,1.0009842,1966,595,1700,1123,125
"844",11,323,1.0006263,1.0008053,1.0004474,1.0009842,2066,495,1700,1123,125
"845",11,329,1.0006263,1.0008053,1.0004474,1.0009842,2066,595,1700,1123,125
"846",11,330,1.0006263,1.0008053,1.0004474,1.0009842,2146,495,1780,1123,125
"847",11,331,1.0006263,1.0008053,1.0004474,1.0009842,2066,495,1700,1123,125
"848",11,332,1.0006263,1.0008053,1.0004474,1.0009842,2166,495,1700,1123,125
"849",11,333,1.0006263,1.0008053,1.0004474,1.0009842,2166,495,1700,1123,125
"850",11,335,1.0006263,1.0008053,1.0004474,1.0009842,2166,595,1700,1123,125
"851",11,336,1.0006263,1.0008053,1.0004474,1.0009842,2166,595,1700,923,125
"852",11,340,1.0006263,1.0008053,1.0004474,1.0009842,2066,695,1700,942,125
"853",11,344,1.0006263,1.0008053,1.0004474,1.0009842,2066,796,1700,942,125
"854",11,345,1.0006263,1.0008053,1.0004474,1.0009842,2066,696,1700,1142,125
"855",11,346,1.0006263,1.0008053,1.0004474,1.0009842,2066,696,1700,1151,125
"856",11,347,1.0006263,1.0008053,1.0004474,1.0009842,2132,696,1700,951,125
"857",11,348,1.0006263,1.0008053,1.0004474,1.0009842,2032,796,1700,951,125
"858",11,349,1.0006263,1.0008053,1.0004474,1.0009842,2032,695,1700,1151,125
"859",11,350,1.0006263,1.0008053,1.0004474,1.0009842,2132,695,1700,951,125
"860",11,351,1.0006263,1.0008053,1.0004474,1.0009842,2132,695,1500,1151,125
"861",11,352,1.0006263,1.0008053,1.0004474,1.0009842,2132,695,1500,1158,125
"862",11,353,1.0006263,1.0008053,1.0004474,1.0009842,2232,695,1500,1158,125
"863",11,355,1.0008053,1.0009842,1.0006263,1.0011631,1307,358,2557,820,125
"864",11,356,1.0008053,1.0009842,1.0006263,1.0011631,1708,358,2156,620,125
"865",11,357,1.0008053,1.0009842,1.0006263,1.0011631,1908,51,2156,620,125
"866",11,358,1.0008053,1.0009842,1.0006263,1.0011631,1808,151,2156,620,125
"867",11,359,1.0008053,1.0011631,1.0006263,1.001342,2408,620,2156,1500,125
"868",11,360,1.0008053,1.0011631,1.0006263,1.001342,2508,620,2156,1500,125
"869",11,362,1.0008053,1.0011631,1.0006263,1.001342,2708,620,2156,1500,125
"870",11,368,1.0008053,1.0011631,1.0006263,1.001342,2708,520,2156,1500,125
"871",11,370,1.0008053,1.0011631,1.0006263,1.001342,2808,520,2156,1500,125
"872",11,371,1.0008053,1.0011631,1.0006263,1.001342,2808,520,2356,1500,125
"873",11,372,1.0008053,1.0011631,1.0006263,1.001342,2908,520,2356,1500,125
"874",11,373,1.0008053,1.0009842,1.0006263,1.0011631,2426,100,2356,520,125
"875",11,374,1.0009842,1.0011631,1.0008053,1.001342,1291,411,1651,1300,125
"876",11,375,1.0009842,1.0011631,1.0008053,1.001342,1192,411,1650,1300,125
"877",11,376,1.0009842,1.0011631,1.0008053,1.001342,1292,412,1650,1000,125
"878",11,377,1.0009842,1.0011631,1.0008053,1.001342,1292,412,1650,1000,125
"879",11,380,1.0009842,1.0011631,1.0008053,1.001342,1692,412,1650,1000,125
"880",11,381,1.0009842,1.0011631,1.0008053,1.001342,1792,211,2150,1000,125
"881",11,382,1.0009842,1.0011631,1.0008053,1.001342,1792,211,2150,1000,125
"882",11,383,1.0009842,1.0011631,1.0008053,1.001342,1692,411,2150,1000,125
"883",11,384,1.0009842,1.0011631,1.0008053,1.001342,1792,411,2150,1000,125
"884",11,385,1.0009842,1.0011631,1.0008053,1.001342,1892,211,2150,1000,125
"885",11,389,1.0009842,1.0011631,1.0008053,1.001342,1792,515,2150,1000,125
"886",11,390,1.0009842,1.0011631,1.0008053,1.001342,1872,415,2310,1100,125
"887",11,391,1.0009842,1.0011631,1.0008053,1.001342,2072,425,2310,1100,125
"888",11,392,1.0009842,1.0011631,1.0008053,1.001342,1972,421,2310,1300,125
"889",11,393,1.0009842,1.0011631,1.0008053,1.001342,1892,421,1950,1300,125
"890",11,394,1.0009842,1.0011631,1.0008053,1.001342,1892,423,1950,1300,125
"891",11,397,1.0009842,1.0011631,1.0008053,1.001342,1592,723,1950,1319,125
"892",11,398,1.0009842,1.0011631,1.0008053,1.001342,1592,723,1950,1319,125
"893",11,399,1.0009842,1.0011631,1.0008053,1.001342,1692,729,1950,1319,125
"894",11,400,1.0009842,1.0011631,1.0008053,1.001342,1793,729,1850,1319,125
"895",11,402,1.0009842,1.0011631,1.0008053,1.001342,1793,629,2050,1326,125
"896",11,403,1.0009842,1.0011631,1.0008053,1.001342,1793,629,2050,1326,125
"897",11,404,1.0009842,1.0011631,1.0008053,1.001342,1793,623,2050,1326,125
"898",11,405,1.0009842,1.0011631,1.0008053,1.001342,1793,523,2050,1326,125
"899",11,407,1.0009842,1.0011631,1.0008053,1.001342,1793,523,2050,1126,125
"900",11,408,1.0009842,1.0011631,1.0008053,1.001342,1793,626,2050,1326,125
"901",11,416,1.0009842,1.0011631,1.0008053,1.001342,1793,626,2050,1319,125
"902",11,418,1.0009842,1.0011631,1.0008053,1.001342,1893,626,2050,1119,125
"903",11,419,1.0009842,1.0011631,1.0008053,1.001342,1893,321,2050,1119,125
"904",11,422,1.0009842,1.0011631,1.0008053,1.001342,1793,321,2050,1119,125
"905",11,425,1.0009842,1.0011631,1.0008053,1.001342,1793,421,2050,1119,125
"906",11,426,1.0009842,1.0011631,1.0008053,1.001342,1793,424,2050,1119,125
"907",11,427,1.0009842,1.0011631,1.0008053,1.001342,1793,424,2050,1319,125
"908",11,428,1.0009842,1.0011631,1.0008053,1.001342,1793,624,2050,1319,125
"909",11,429,1.0009842,1.0011631,1.0008053,1.001342,1793,630,2050,1319,125
"910",11,430,1.0009842,1.0011631,1.0008053,1.001342,1793,630,1850,1319,125
"911",11,433,1.0009842,1.0011631,1.0008053,1.001342,1793,630,2050,1319,125
"912",11,435,1.0009842,1.0011631,1.0008053,1.001342,1893,630,1850,1019,125
"913",11,436,1.0009842,1.0011631,1.0008053,1.001342,1893,624,1850,1019,125
"914",11,437,1.0009842,1.0011631,1.0008053,1.001342,1893,624,1850,919,125
"915",11,438,1.0009842,1.0011631,1.0008053,1.001342,1893,724,1850,919,125
"916",11,439,1.0009842,1.0011631,1.0008053,1.001342,1993,721,1850,1119,125
"917",11,443,1.0009842,1.0011631,1.0008053,1.001342,1893,824,1850,1119,125
"918",11,444,1.0009842,1.0011631,1.0008053,1.001342,1893,826,1850,1119,125
"919",11,448,1.0009842,1.0011631,1.0008053,1.001342,1838,926,1750,1119,125
"920",11,449,1.0009842,1.0011631,1.0008053,1.001342,1838,733,1750,1119,125
"921",11,450,1.0009842,1.0011631,1.0008053,1.001342,1838,733,1750,1119,125
"922",11,452,1.0009842,1.0011631,1.0008053,1.001342,1838,526,1750,1119,125
"923",11,454,1.0009842,1.0011631,1.0008053,1.001342,1838,529,1750,1119,125
"924",11,455,1.0009842,1.0011631,1.0008053,1.001342,1838,729,1750,1119,125
"925",11,456,1.0009842,1.0011631,1.0008053,1.001342,1838,528,1750,1119,125
"926",11,457,1.0009842,1.0011631,1.0008053,1.001342,1838,628,1750,1119,125
"927",11,458,1.0009842,1.0011631,1.0008053,1.001342,1838,813,1750,1119,125
"928",11,459,1.0009842,1.0011631,1.0008053,1.001342,1838,813,1750,1119,125
"929",11,460,1.0009842,1.0011631,1.0008053,1.001342,2038,913,1650,1119,125
"930",11,461,1.0009842,1.0011631,1.0008053,1.001342,2038,1013,1650,1128,125
"931",11,463,1.0009842,1.0011631,1.0008053,1.001342,1793,1116,1650,1128,125
"932",11,464,1.0009842,1.0011631,1.0008053,1.001342,1892,1116,1650,1128,125
"933",11,465,1.0009842,1.0011631,1.0008053,1.001342,1892,1016,1650,1128,125
"934",11,466,1.0009842,1.0011631,1.0008053,1.001342,1892,1116,1650,1128,125
"935",11,467,1.0009842,1.0011631,1.0008053,1.001342,1892,913,1650,1128,125
"936",11,468,1.0009842,1.0011631,1.0008053,1.001342,1893,913,1650,1128,125
"937",11,469,1.0009842,1.0011631,1.0008053,1.001342,1893,914,1650,1128,125
"938",11,470,1.0009842,1.0011631,1.0008053,1.001342,1893,914,1650,1128,125
"939",11,475,1.0008053,1.0009842,1.0006263,1.0011631,477,1100,2290,1204,125
"940",11,476,1.0008053,1.0009842,1.0006263,1.0011631,377,1133,2290,1120,125
"941",11,477,1.0008053,1.0009842,1.0006263,1.0011631,577,1038,2290,1120,125
"942",11,478,1.0008053,1.0009842,1.0006263,1.0011631,577,1033,2290,1119,125
"943",11,479,1.0008053,1.0009842,1.0006263,1.0011631,577,1034,2290,1119,125
"944",11,480,1.0008053,1.0009842,1.0006263,1.0011631,1177,834,2290,1119,125
"945",11,481,1.0008053,1.0009842,1.0006263,1.0011631,1177,835,2290,1119,125
"946",11,482,1.0008053,1.0009842,1.0006263,1.0011631,677,1135,2290,1019,125
"947",11,483,1.0008053,1.0009842,1.0006263,1.0011631,773,1135,2290,1019,125
"948",11,484,1.0008053,1.0009842,1.0006263,1.0011631,773,1142,2290,1019,125
"949",11,485,1.0008053,1.0009842,1.0006263,1.0011631,573,1242,2290,1028,125
"950",11,486,1.0008053,1.0009842,1.0006263,1.0011631,573,1141,2290,1028,125
"951",11,487,1.0008053,1.0009842,1.0006263,1.0011631,573,1041,2290,1028,125
"952",11,488,1.0008053,1.0009842,1.0006263,1.0011631,573,1041,2090,1028,125
"953",11,489,1.0008053,1.0009842,1.0006263,1.0011631,573,1034,2290,1028,125
"954",11,490,1.0008053,1.0009842,1.0006263,1.0011631,573,1134,2290,1028,125
"955",11,491,1.0008053,1.0009842,1.0006263,1.0011631,573,1135,2290,1028,125
"956",11,493,1.0008053,1.0009842,1.0006263,1.0011631,554,1138,2090,1028,125
"957",11,494,1.0008053,1.0009842,1.0006263,1.0011631,554,1139,2290,1028,125
"958",11,496,1.0008053,1.0009842,1.0006263,1.0011631,654,1339,2290,928,125
"959",11,497,1.0008053,1.0009842,1.0006263,1.0011631,554,1339,2290,928,125
"960",11,498,1.0008053,1.0009842,1.0006263,1.0011631,554,1134,2290,728,125
"961",11,499,1.0008053,1.0009842,1.0006263,1.0011631,554,1239,2290,728,125
"962",11,500,1.0008053,1.0009842,1.0006263,1.0011631,554,1234,2290,728,125
"963",11,503,1.0008053,1.0009842,1.0006263,1.0011631,554,1334,2290,728,125
"964",11,504,1.0008053,1.0009842,1.0006263,1.0011631,554,1537,2290,628,125
"965",11,505,1.0008053,1.0009842,1.0006263,1.0011631,554,1437,2290,628,125
"966",11,507,1.0008053,1.0009842,1.0006263,1.0011631,554,1439,2290,628,125
"967",11,509,1.0008053,1.0009842,1.0006263,1.0011631,554,1437,2290,628,125
"968",11,510,1.0008053,1.0009842,1.0006263,1.0011631,634,1437,2450,628,125
"969",11,512,1.0008053,1.0009842,1.0006263,1.0011631,634,1434,2450,628,125
"970",11,514,1.0008053,1.0009842,1.0006263,1.0011631,634,1436,2450,628,125
"971",11,517,1.0008053,1.0009842,1.0006263,1.0011631,1354,1436,2290,628,125
"972",11,518,1.0008053,1.0009842,1.0006263,1.0011631,754,1737,2290,628,125
"973",11,519,1.0008053,1.0009842,1.0006263,1.0011631,754,1838,2290,628,125
"974",11,520,1.0008053,1.0009842,1.0006263,1.0011631,754,1738,2290,628,125
"975",11,521,1.0008053,1.0009842,1.0006263,1.0011631,754,1740,2290,628,125
"976",11,522,1.0008053,1.0009842,1.0006263,1.0011631,754,1738,2290,628,125
"977",11,523,1.0008053,1.0009842,1.0006263,1.0011631,716,1738,2290,628,125
"978",11,524,1.0008053,1.0009842,1.0006263,1.0011631,716,1740,2290,628,125
"979",11,525,1.0008053,1.0009842,1.0006263,1.0011631,1017,1440,2290,628,125
"980",11,526,1.0008053,1.0009842,1.0006263,1.0011631,1517,1440,2290,628,125
"981",11,527,1.0008053,1.0009842,1.0006263,1.0011631,1518,1434,2490,628,125
"982",11,528,1.0008053,1.0009842,1.0006263,1.0011631,1518,1134,2490,628,125
"983",11,529,1.0008053,1.0009842,1.0006263,1.0011631,1418,1134,2490,628,125
"984",11,530,1.0009842,1.0011631,1.0008053,1.001342,1639,28,1902,918,125
"985",11,531,1.0009842,1.0011631,1.0008053,1.001342,1762,28,1800,918,125
"986",11,533,1.0009842,1.0011631,1.0008053,1.001342,1762,128,1800,918,125
"987",11,535,1.0009842,1.0011631,1.0008053,1.001342,1862,128,1800,918,125
"988",11,536,1.0009842,1.0011631,1.0008053,1.001342,1762,128,1800,918,125
"989",11,537,1.0009842,1.0011631,1.0008053,1.001342,1862,128,2000,918,125
"990",11,539,1.0011631,1.001342,1.0009842,1.001521,1803,618,1923,811,125
"991",11,540,1.0011631,1.001342,1.0009842,1.001521,1905,718,1921,811,125
"992",11,541,1.0011631,1.001342,1.0009842,1.001521,1905,818,1921,811,125
"993",11,542,1.001342,1.001521,1.0011631,1.0016999,1900,611,2405,1375,125
"994",11,543,1.001342,1.001521,1.0011631,1.0016999,1002,715,2403,1375,125
"995",11,544,1.001342,1.001521,1.0011631,1.0016999,502,715,2403,1375,125
"996",11,548,1.001342,1.001521,1.0011631,1.0016999,502,715,2400,1375,125
"997",11,549,1.001342,1.001521,1.0011631,1.0016999,502,811,2400,1375,125
"998",11,550,1.001342,1.001521,1.0011631,1.0016999,501,811,2400,1375,125
"999",11,551,1.001342,1.001521,1.0011631,1.0016999,601,811,2400,1375,125
"1000",11,552,1.001342,1.001521,1.0011631,1.0016999,702,814,2400,1375,125
"1001",11,553,1.001342,1.001521,1.0011631,1.0016999,702,814,2500,1375,125
"1002",11,556,1.001342,1.001521,1.0011631,1.0016999,702,811,2500,1375,125
"1003",11,558,1.001342,1.001521,1.0011631,1.0016999,602,811,2500,1375,125
"1004",11,559,1.001342,1.001521,1.0011631,1.0016999,702,811,2500,1375,125
"1005",11,560,1.001342,1.001521,1.0011631,1.0016999,702,811,2500,1375,125
"1006",11,561,1.001342,1.001521,1.0011631,1.0016999,902,811,2500,1375,125
"1007",11,562,1.001342,1.001521,1.0011631,1.0016999,802,911,2500,1375,125
"1008",11,564,1.001342,1.001521,1.0011631,1.0016999,802,913,2500,1375,125
"1009",11,565,1.001342,1.001521,1.0011631,1.0016999,802,713,2500,1375,125
"1010",11,568,1.001342,1.001521,1.0011631,1.0016999,802,711,2500,1375,125
"1011",11,569,1.001342,1.001521,1.0011631,1.0016999,1202,711,2400,1375,125
"1012",11,570,1.001342,1.001521,1.0011631,1.0016999,1802,711,2560,1375,125
"1013",11,572,1.001342,1.001521,1.0011631,1.0016999,1702,711,2560,1375,125
"1014",11,574,1.001342,1.001521,1.0011631,1.0016999,1202,711,2660,1375,125
"1015",11,582,1.001342,1.001521,1.0011631,1.0016999,1302,711,2660,1375,125
"1016",11,587,1.0011631,1.001342,1.0009842,1.001521,1160,1200,2154,1611,125
"1017",11,588,1.0011631,1.001342,1.0009842,1.001521,660,700,2154,1511,125
"1018",11,589,1.0011631,1.001342,1.0009842,1.001521,760,800,2154,1511,125
"1019",11,590,1.0011631,1.001342,1.0009842,1.001521,760,800,1954,1511,125
"1020",11,592,1.0011631,1.001342,1.0009842,1.001521,660,1000,1954,1511,125
"1021",11,593,1.0011631,1.001342,1.0009842,1.001521,660,1100,1954,1511,125
"1022",11,594,1.0011631,1.001342,1.0009842,1.001521,600,1100,1954,1511,125
"1023",11,596,1.0009842,1.0011631,1.0008053,1.001342,954,1100,1200,1600,125
"1024",11,597,1.0009842,1.0011631,1.0008053,1.001342,554,1100,1200,1719,125
"1025",11,598,1.0009842,1.0011631,1.0008053,1.001342,554,1200,1200,1719,125
"1026",11,599,1.0009842,1.0011631,1.0008053,1.001342,554,1468,1200,1619,125
"1027",16,0,0.9997174,0.9999058,0.99952906,1.0000942,277,400,800,1100,125
"1028",16,1,0.9997174,0.9999058,0.99952906,1.0000942,300,500,600,900,125
"1029",16,2,0.9997174,0.9999058,0.99952906,1.0000942,262,600,600,900,125
"1030",16,3,0.9997174,0.9999058,0.99952906,1.0000942,462,600,800,900,125
"1031",16,5,0.99952906,0.9999058,0.99934065,1.0000942,600,665,500,1000,125
"1032",16,6,0.99952906,0.9997174,0.99934065,0.9999058,500,300,400,665,125
"1033",16,7,0.99952906,0.9997174,0.99934065,0.9999058,400,200,400,765,125
"1034",16,8,0.99952906,0.9999058,0.99934065,1.0000942,400,675,400,1000,125
"1035",16,9,0.99952906,0.9997174,0.99934065,0.9999058,400,210,400,700,125
"1036",16,10,0.99952906,0.9997174,0.99934065,0.9999058,400,310,400,700,125
"1037",16,13,0.99952906,0.9997174,0.99934065,0.9999058,400,110,400,700,125
"1038",16,18,0.9999058,1.0000942,0.9997174,1.0002825,300,391,800,800,125
"1039",16,19,0.9999058,1.0002825,0.9997174,1.000471,800,510,800,800,125
"1040",16,20,0.9999058,1.0000942,0.9997174,1.0002825,500,105,800,500,125
"1041",16,21,0.9999058,1.0000942,0.9997174,1.0002825,600,105,800,500,125
"1042",16,23,0.9999058,1.0000942,0.9997174,1.0002825,200,405,800,500,125
"1043",16,24,0.9999058,1.0000942,0.9997174,1.0002825,200,405,800,700,125
"1044",16,25,0.9999058,1.0002825,0.9997174,1.000471,400,705,800,800,125
"1045",16,26,0.9999058,1.0000942,0.9997174,1.0002825,200,105,800,700,125
"1046",16,27,0.9999058,1.0002825,0.9997174,1.000471,200,705,800,800,125
"1047",16,30,1.0000942,1.0002825,0.9999058,1.000471,200,705,500,800,125
"1048",16,31,0.9999058,1.0000942,0.9997174,1.0002825,200,205,800,600,125
"1049",16,32,0.9999058,1.0000942,0.9997174,1.0002825,200,105,800,600,125
"1050",16,33,0.9999058,1.0000942,0.9997174,1.0002825,200,105,800,600,125
"1051",16,34,0.9999058,1.0000942,0.9997174,1.0002825,200,5,800,600,125
"1052",16,37,1.0000942,1.0002825,0.9999058,1.000471,100,605,200,900,125
"1053",16,38,0.9999058,1.0000942,0.9997174,1.0002825,200,405,800,700,125
"1054",16,39,0.9999058,1.0000942,0.9997174,1.0002825,200,405,800,700,125
"1055",16,42,1.0000942,1.0002825,0.9999058,1.000471,400,600,300,900,125
"1056",16,43,1.0000942,1.0002825,0.9999058,1.000471,400,600,400,900,125
"1057",16,44,1.0000942,1.0002825,0.9999058,1.000471,615,200,600,700,125
"1058",16,46,1.0000942,1.0002825,0.9999058,1.000471,915,200,600,700,125
"1059",16,47,1.0000942,1.0002825,0.9999058,1.000471,715,200,600,700,125
"1060",16,49,1.0000942,1.0002825,0.9999058,1.000471,715,200,600,600,125
"1061",16,50,1.0002825,1.000471,1.0000942,1.0006593,1315,300,800,500,125
"1062",16,51,1.0002825,1.000471,1.0000942,1.0006593,1300,300,800,500,125
"1063",16,52,1.0002825,1.000471,1.0000942,1.0006593,1200,300,800,500,125
"1064",16,53,1.0002825,1.000471,1.0000942,1.0006593,925,300,800,500,125
"1065",16,54,1.0002825,1.000471,1.0000942,1.0006593,400,600,800,700,125
"1066",16,56,1.0002825,1.000471,1.0000942,1.0006593,400,400,800,700,125
"1067",16,57,1.0002825,1.000471,1.0000942,1.0006593,400,700,800,700,125
"1068",16,58,1.0002825,1.000471,1.0000942,1.0006593,400,600,800,700,125
"1069",16,59,1.0002825,1.000471,1.0000942,1.0006593,400,500,800,800,125
"1070",16,60,1.0002825,1.000471,1.0000942,1.0006593,400,400,800,600,125
"1071",16,61,1.0002825,1.000471,1.0000942,1.0006593,400,600,800,600,125
"1072",16,62,1.0002825,1.0006593,1.0000942,1.0008477,600,600,800,400,125
"1073",16,63,1.0002825,1.000471,1.0000942,1.0006593,400,100,800,700,125
"1074",16,64,1.0002825,1.000471,1.0000942,1.0006593,400,100,800,700,125
"1075",16,65,1.0002825,1.000471,1.0000942,1.0006593,400,300,800,700,125
"1076",16,66,1.0002825,1.000471,1.0000942,1.0006593,400,200,800,700,125
"1077",16,69,1.0002825,1.000471,1.0000942,1.0006593,400,300,800,700,125
"1078",16,71,1.0002825,1.000471,1.0000942,1.0006593,400,300,800,900,125
"1079",16,74,1.0002825,1.000471,1.0000942,1.0006593,400,503,800,900,125
"1080",16,75,1.0002825,1.000471,1.0000942,1.0006593,400,603,800,900,125
"1081",16,78,1.0002825,1.000471,1.0000942,1.0006593,300,603,800,900,125
"1082",16,79,1.0002825,1.000471,1.0000942,1.0006593,300,603,800,900,125
"1083",16,81,1.0002825,1.000471,1.0000942,1.0006593,300,703,800,900,125
"1084",16,82,1.0002825,1.000471,1.0000942,1.0006593,300,803,800,1000,125
"1085",16,83,1.0002825,1.000471,1.0000942,1.0006593,300,703,800,900,125
"1086",16,84,1.0002825,1.000471,1.0000942,1.0006593,300,603,800,900,125
"1087",16,86,1.0002825,1.000471,1.0000942,1.0006593,300,703,800,900,125
"1088",16,87,1.0002825,1.000471,1.0000942,1.0006593,100,603,800,1000,125
"1089",16,88,1.0000942,1.0002825,0.9999058,1.000471,500,665,500,703,125
"1090",16,89,1.0000942,1.0002825,0.9999058,1.000471,515,283,500,803,125
"1091",16,90,1.0000942,1.0002825,0.9999058,1.000471,515,100,700,803,125
"1092",16,91,1.0000942,1.0002825,0.9999058,1.000471,715,100,700,803,125
"1093",16,93,1.0000942,1.0002825,0.9999058,1.000471,815,200,500,903,125
"1094",16,94,1.0000942,1.0002825,0.9999058,1.000471,815,400,500,1003,125
"1095",16,96,1.0000942,1.0002825,0.9999058,1.000471,815,200,700,1003,125
"1096",16,99,1.0000942,1.0002825,0.9999058,1.000471,815,200,700,1003,125
"1097",16,100,1.0000942,1.0002825,0.9999058,1.000471,815,400,700,1003,125
"1098",16,101,1.0000942,1.0002825,0.9999058,1.000471,715,600,700,1103,125
"1099",16,104,1.0000942,1.0002825,0.9999058,1.000471,706,720,500,1103,125
"1100",16,105,1.0000942,1.0002825,0.9999058,1.000471,706,520,500,903,125
"1101",16,106,1.0000942,1.0002825,0.9999058,1.000471,706,720,500,903,125
"1102",16,109,1.0000942,1.0002825,0.9999058,1.000471,606,720,500,1003,125
"1103",16,112,0.9999058,1.0000942,0.9997174,1.0002825,300,703,700,820,125
"1104",16,113,0.9999058,1.0000942,0.9997174,1.0002825,300,603,700,920,125
"1105",16,114,0.9999058,1.0000942,0.9997174,1.0002825,500,503,700,920,125
"1106",16,115,0.9999058,1.0000942,0.9997174,1.0002825,500,603,700,1120,125
"1107",16,116,0.9999058,1.0000942,0.9997174,1.0002825,600,403,700,920,125
"1108",16,117,0.9999058,1.0000942,0.9997174,1.0002825,600,520,700,900,125
"1109",16,118,0.9999058,1.0000942,0.9997174,1.0002825,500,727,700,900,125
"1110",16,119,0.9999058,1.0000942,0.9997174,1.0002825,500,820,700,900,125
"1111",16,121,0.9999058,1.0000942,0.9997174,1.0002825,500,820,700,1100,125
"1112",16,122,0.9999058,1.0000942,0.9997174,1.0002825,500,720,700,1100,125
"1113",16,123,0.9999058,1.0000942,0.9997174,1.0002825,500,820,700,900,125
"1114",16,124,0.9999058,1.0000942,0.9997174,1.0002825,500,720,700,900,125
"1115",16,125,0.9999058,1.0000942,0.9997174,1.0002825,500,829,700,1100,125
"1116",16,126,0.9999058,1.0000942,0.9997174,1.0002825,600,829,700,1100,125
"1117",16,127,0.9999058,1.0000942,0.9997174,1.0002825,600,827,700,900,125
"1118",16,128,0.9999058,1.0000942,0.9997174,1.0002825,600,827,700,1100,125
"1119",16,129,0.9999058,1.0000942,0.9997174,1.0002825,600,829,700,1100,125
"1120",16,132,0.9999058,1.0000942,0.9997174,1.0002825,300,829,700,1200,125
"1121",16,135,0.9999058,1.0000942,0.9997174,1.0002825,300,822,700,1200,125
"1122",16,136,0.9999058,1.0000942,0.9997174,1.0002825,300,829,700,1200,125
"1123",16,138,0.9999058,1.0000942,0.9997174,1.0002825,500,922,700,1200,125
"1124",16,139,0.9999058,1.0000942,0.9997174,1.0002825,500,720,700,1200,125
"1125",16,140,0.9999058,1.0000942,0.9997174,1.0002825,600,722,700,1200,125
"1126",16,141,0.9999058,1.0000942,0.9997174,1.0002825,600,922,700,1200,125
"1127",16,145,0.9999058,1.0000942,0.9997174,1.0002825,600,820,700,1200,125
"1128",16,146,0.9999058,1.0000942,0.9997174,1.0002825,700,293,700,1200,125
"1129",16,147,0.9999058,1.0000942,0.9997174,1.0002825,1000,393,700,1000,125
"1130",16,148,0.9999058,1.0000942,0.9997174,1.0002825,1000,493,700,900,125
"1131",16,149,0.9999058,1.0000942,0.9997174,1.0002825,1100,493,700,1100,125
"1132",16,152,0.9999058,1.0000942,0.9997174,1.0002825,1100,400,700,900,125
"1133",16,153,0.9999058,1.0000942,0.9997174,1.0002825,1200,498,700,900,125
"1134",16,154,0.9999058,1.0000942,0.9997174,1.0002825,1200,698,700,1100,125
"1135",16,155,0.9999058,1.0000942,0.9997174,1.0002825,1300,598,700,1100,125
"1136",16,156,0.9999058,1.0000942,0.9997174,1.0002825,1000,593,700,1300,125
"1137",16,159,0.9999058,1.0000942,0.9997174,1.0002825,1100,121,700,1100,125
"1138",16,160,0.9999058,1.0000942,0.9997174,1.0002825,1200,21,700,1100,125
"1139",16,162,0.9999058,1.0000942,0.9997174,1.0002825,1200,221,700,1300,125
"1140",16,163,0.9999058,1.0000942,0.9997174,1.0002825,1200,221,700,1200,125
"1141",16,164,0.9999058,1.0000942,0.9997174,1.0002825,1200,221,700,1000,125
"1142",16,167,0.9999058,1.0000942,0.9997174,1.0002825,1100,221,700,1200,125
"1143",16,168,0.9999058,1.0000942,0.9997174,1.0002825,1100,321,700,1200,125
"1144",16,169,0.9999058,1.0000942,0.9997174,1.0002825,1100,321,700,1000,125
"1145",16,173,0.9999058,1.0000942,0.9997174,1.0002825,1100,300,700,1200,125
"1146",16,174,0.9999058,1.0000942,0.9997174,1.0002825,1100,300,700,1000,125
"1147",16,175,0.9999058,1.0000942,0.9997174,1.0002825,1100,400,700,1000,125
"1148",16,176,0.9999058,1.0000942,0.9997174,1.0002825,1100,421,700,1000,125
"1149",16,177,0.9999058,1.0000942,0.9997174,1.0002825,1100,400,700,1000,125
"1150",16,179,0.9999058,1.0000942,0.9997174,1.0002825,1300,431,700,700,125
"1151",16,180,0.9999058,1.0000942,0.9997174,1.0002825,1400,345,700,700,125
"1152",16,182,0.9999058,1.0000942,0.9997174,1.0002825,1600,128,700,500,125
"1153",16,183,1.0000942,1.0002825,0.9999058,1.000471,800,300,1600,500,125
"1154",16,184,1.0000942,1.0002825,0.9999058,1.000471,300,500,1600,700,125
"1155",16,186,1.0000942,1.0002825,0.9999058,1.000471,300,431,1600,600,125
"1156",16,187,1.0000942,1.0002825,0.9999058,1.000471,300,531,1600,600,125
"1157",16,188,1.0000942,1.0002825,0.9999058,1.000471,400,528,1600,600,125
"1158",16,189,1.0000942,1.0002825,0.9999058,1.000471,600,228,1600,600,125
"1159",16,190,1.0000942,1.0002825,0.9999058,1.000471,500,228,1600,600,125
"1160",16,192,1.0000942,1.0002825,0.9999058,1.000471,500,228,1500,600,125
"1161",16,194,1.0000942,1.0002825,0.9999058,1.000471,500,300,1500,700,125
"1162",16,195,1.0000942,1.0002825,0.9999058,1.000471,500,221,1500,900,125
"1163",16,196,1.0000942,1.0002825,0.9999058,1.000471,400,200,1500,900,125
"1164",16,199,1.0000942,1.0002825,0.9999058,1.000471,600,221,1500,900,125
"1165",16,200,1.0000942,1.0002825,0.9999058,1.000471,600,100,1500,900,125
"1166",16,201,1.0000942,1.0002825,0.9999058,1.000471,600,100,1500,900,125
"1167",16,203,1.0000942,1.0002825,0.9999058,1.000471,500,100,1500,900,125
"1168",16,204,1.0000942,1.0002825,0.9999058,1.000471,500,121,1500,900,125
"1169",16,206,1.0000942,1.0002825,0.9999058,1.000471,500,100,1500,900,125
"1170",16,208,1.0000942,1.0002825,0.9999058,1.000471,500,100,1500,800,125
"1171",16,214,1.0000942,1.0002825,0.9999058,1.000471,400,400,1500,800,125
"1172",16,216,1.0000942,1.0002825,0.9999058,1.000471,300,400,1500,800,125
"1173",16,217,1.0000942,1.0002825,0.9999058,1.000471,2400,200,1500,800,125
"1174",16,219,1.0000942,1.0002825,0.9999058,1.000471,2400,200,1500,800,125
"1175",16,220,1.0002825,1.000471,1.0000942,1.0006593,1000,1100,2400,600,125
"1176",16,222,1.0000942,1.0002825,0.9999058,1.000471,2400,788,1000,800,125
"1177",16,223,1.0000942,1.0002825,0.9999058,1.000471,2400,501,1000,800,125
"1178",16,224,1.0000942,1.0002825,0.9999058,1.000471,2400,401,1000,800,125
"1179",16,225,1.0000942,1.0002825,0.9999058,1.000471,2400,403,1000,600,125
"1180",16,227,1.0000942,1.0002825,0.9999058,1.000471,2400,303,1000,600,125
"1181",16,229,1.0000942,1.0002825,0.9999058,1.000471,2500,1,1000,600,125
"1182",16,230,1.0000942,1.0002825,0.9999058,1.000471,300,401,1000,500,125
"1183",16,231,1.0000942,1.0002825,0.9999058,1.000471,200,400,1000,500,125
"1184",16,234,1.0000942,1.0002825,0.9999058,1.000471,400,284,1000,500,125
"1185",16,236,1.0000942,1.0002825,0.9999058,1.000471,300,284,1000,500,125
"1186",16,237,1.0000942,1.0002825,0.9999058,1.000471,55,602,800,900,125
"1187",16,238,1.0000942,1.0002825,0.9999058,1.000471,55,600,800,900,125
"1188",16,239,1.0000942,1.0002825,0.9999058,1.000471,655,300,800,600,125
"1189",16,240,1.0000942,1.0002825,0.9999058,1.000471,555,300,1000,600,125
"1190",16,241,1.0002825,1.000471,1.0000942,1.0006593,300,800,555,600,125
"1191",16,242,1.0002825,1.000471,1.0000942,1.0006593,172,1000,555,600,125
"1192",16,243,1.0000942,1.0002825,0.9999058,1.000471,455,300,1000,700,125
"1193",16,244,1.0000942,1.0002825,0.9999058,1.000471,455,200,1000,700,125
"1194",16,246,1.0000942,1.0002825,0.9999058,1.000471,255,300,1000,600,125
"1195",16,247,1.0000942,1.0002825,0.9999058,1.000471,355,300,1000,700,125
"1196",16,248,1.0000942,1.0002825,0.9999058,1.000471,555,300,1000,700,125
"1197",16,250,1.0000942,1.0002825,0.9999058,1.000471,555,300,1000,526,125
"1198",16,251,1.0000942,1.0002825,0.9999058,1.000471,555,300,1000,526,125
"1199",16,253,1.0000942,1.0002825,0.9999058,1.000471,570,300,1000,526,125
"1200",16,254,1.0000942,1.0002825,0.9999058,1.000471,555,300,1000,526,125
"1201",16,256,1.0000942,1.0002825,0.9999058,1.000471,555,300,1000,500,125
"1202",16,257,1.0000942,1.0002825,0.9999058,1.000471,570,597,1000,500,125
"1203",16,258,1.0000942,1.0002825,0.9999058,1.000471,355,597,1000,700,125
"1204",16,259,1.0000942,1.0002825,0.9999058,1.000471,300,597,1000,700,125
"1205",16,261,1.0000942,1.0002825,0.9999058,1.000471,555,597,1000,700,125
"1206",16,264,1.0000942,1.0002825,0.9999058,1.000471,570,597,1000,700,125
"1207",16,265,1.0000942,1.0002825,0.9999058,1.000471,370,597,800,700,125
"1208",16,266,1.0000942,1.0002825,0.9999058,1.000471,570,697,1000,700,125
"1209",16,267,1.0000942,1.0002825,0.9999058,1.000471,570,697,1000,700,125
"1210",16,269,1.0000942,1.0002825,0.9999058,1.000471,555,797,1000,700,125
"1211",16,270,1.0000942,1.0002825,0.9999058,1.000471,355,797,1000,700,125
"1212",16,271,1.0000942,1.0002825,0.9999058,1.000471,555,797,1000,700,125
"1213",16,272,1.0000942,1.0002825,0.9999058,1.000471,355,797,1000,700,125
"1214",16,274,1.0000942,1.0002825,0.9999058,1.000471,555,797,1000,700,125
"1215",16,275,1.0000942,1.0002825,0.9999058,1.000471,570,797,1000,700,125
"1216",16,276,1.0000942,1.0002825,0.9999058,1.000471,355,797,1000,700,125
"1217",16,277,1.0000942,1.0002825,0.9999058,1.000471,355,897,1000,700,125
"1218",16,279,1.0000942,1.0002825,0.9999058,1.000471,355,897,1000,700,125
"1219",16,281,1.0000942,1.0002825,0.9999058,1.000471,570,897,1000,700,125
"1220",16,282,1.0000942,1.0002825,0.9999058,1.000471,570,797,1000,700,125
"1221",16,286,1.0000942,1.0002825,0.9999058,1.000471,670,765,1000,700,125
"1222",16,287,1.0000942,1.0002825,0.9999058,1.000471,670,897,1000,800,125
"1223",16,290,1.0000942,1.0002825,0.9999058,1.000471,670,997,1000,800,125
"1224",16,291,1.0000942,1.0002825,0.9999058,1.000471,670,1097,1000,800,125
"1225",16,292,1.0000942,1.0002825,0.9999058,1.000471,470,1097,1000,800,125
"1226",16,293,1.0000942,1.0002825,0.9999058,1.000471,670,1097,1000,800,125
"1227",16,299,1.0000942,1.0002825,0.9999058,1.000471,455,997,1000,885,125
"1228",16,303,1.0000942,1.0002825,0.9999058,1.000471,455,1197,1000,885,125
"1229",16,304,1.0000942,1.0002825,0.9999058,1.000471,455,997,1000,885,125
"1230",16,307,0.9999058,1.0000942,0.9997174,1.0002825,800,400,600,1497,125
"1231",16,308,0.9999058,1.0000942,0.9997174,1.0002825,700,500,600,1097,125
"1232",16,310,0.9999058,1.0000942,0.9997174,1.0002825,700,600,600,1197,125
"1233",16,311,0.9999058,1.0000942,0.9997174,1.0002825,700,700,600,997,125
"1234",16,312,0.9999058,1.0000942,0.9997174,1.0002825,700,800,600,997,125
"1235",16,313,0.9999058,1.0000942,0.9997174,1.0002825,700,800,600,1282,125
"1236",16,317,0.9999058,1.0000942,0.9997174,1.0002825,700,800,600,1282,125
"1237",16,319,0.9999058,1.0000942,0.9997174,1.0002825,700,800,600,1085,125
"1238",16,320,1.0000942,1.0002825,0.9999058,1.000471,1016,685,1200,400,125
"1239",16,321,1.0000942,1.0002825,0.9999058,1.000471,1016,785,1200,400,125
"1240",16,322,1.0000942,1.0002825,0.9999058,1.000471,1316,585,1200,600,125
"1241",16,323,1.0000942,1.0002825,0.9999058,1.000471,1516,585,1200,600,125
"1242",16,324,1.0000942,1.0002825,0.9999058,1.000471,916,585,1200,600,125
"1243",16,326,1.0000942,1.0002825,0.9999058,1.000471,916,685,1200,600,125
"1244",16,332,1.0000942,1.0002825,0.9999058,1.000471,916,600,1200,600,125
"1245",16,334,1.0000942,1.0002825,0.9999058,1.000471,816,800,1200,600,125
"1246",16,335,1.0000942,1.0002825,0.9999058,1.000471,716,800,1200,600,125
"1247",16,337,1.0000942,1.0002825,0.9999058,1.000471,716,800,1200,600,125
"1248",16,338,1.0000942,1.0002825,0.9999058,1.000471,716,600,1200,600,125
"1249",16,339,1.0000942,1.0002825,0.9999058,1.000471,716,800,1200,600,125
"1250",16,340,1.0000942,1.0002825,0.9999058,1.000471,601,800,1200,800,125
"1251",16,345,1.0000942,1.0002825,0.9999058,1.000471,601,800,1212,800,125
"1252",16,347,1.0000942,1.0002825,0.9999058,1.000471,601,900,1212,800,125
"1253",16,349,1.0000942,1.0002825,0.9999058,1.000471,401,900,1212,800,125
"1254",16,350,1.0000942,1.0002825,0.9999058,1.000471,601,900,1212,800,125
"1255",16,351,1.0000942,1.0002825,0.9999058,1.000471,816,700,1212,600,125
"1256",16,352,1.0000942,1.0002825,0.9999058,1.000471,616,900,1212,800,125
"1257",16,356,1.000471,1.0006593,1.0002825,1.0008477,400,500,1400,500,125
"1258",16,357,1.0002825,1.000471,1.0000942,1.0006593,500,200,1101,610,125
"1259",16,358,1.000471,1.0006593,1.0002825,1.0008477,500,610,700,700,125
"1260",16,359,1.000471,1.0006593,1.0002825,1.0008477,1416,628,900,700,125
"1261",16,360,1.000471,1.0006593,1.0002825,1.0008477,1401,628,900,700,125
"1262",16,361,1.000471,1.0006593,1.0002825,1.0008477,1416,428,1000,900,125
"1263",16,362,1.000471,1.0006593,1.0002825,1.0008477,1416,628,1000,900,125
"1264",16,363,1.000471,1.0006593,1.0002825,1.0008477,1416,428,1000,900,125
"1265",16,364,1.000471,1.0006593,1.0002825,1.0008477,1716,428,1000,900,125
"1266",16,365,1.000471,1.0006593,1.0002825,1.0008477,2016,411,1000,900,125
"1267",16,366,1.000471,1.0006593,1.0002825,1.0008477,1716,411,1000,900,125
"1268",16,367,1.000471,1.0006593,1.0002825,1.0008477,1616,411,1000,900,125
"1269",16,370,1.000471,1.0006593,1.0002825,1.0008477,1501,611,1000,1100,125
"1270",16,372,1.000471,1.0006593,1.0002825,1.0008477,1301,611,1000,1100,125
"1271",16,374,1.000471,1.0006593,1.0002825,1.0008477,1501,611,1000,1100,125
"1272",16,377,1.000471,1.0006593,1.0002825,1.0008477,1516,611,1000,900,125
"1273",16,378,1.000471,1.0006593,1.0002825,1.0008477,1516,411,1000,600,125
"1274",16,380,1.000471,1.0006593,1.0002825,1.0008477,1516,611,1000,800,125
"1275",16,381,1.000471,1.0006593,1.0002825,1.0008477,1516,611,800,800,125
"1276",16,383,1.000471,1.0006593,1.0002825,1.0008477,1516,611,1000,800,125
"1277",16,385,1.000471,1.0006593,1.0002825,1.0008477,1516,411,1000,600,125
"1278",16,387,1.000471,1.0006593,1.0002825,1.0008477,1516,611,1000,800,125
"1279",16,388,1.000471,1.0006593,1.0002825,1.0008477,1516,411,1000,600,125
"1280",16,389,1.000471,1.0006593,1.0002825,1.0008477,1716,411,1000,600,125
"1281",16,391,1.0006593,1.0008477,1.000471,1.001036,500,600,1901,600,125
"1282",16,392,1.0006593,1.0008477,1.000471,1.001036,401,500,1901,600,125
"1283",16,393,1.0006593,1.0008477,1.000471,1.001036,201,500,1901,600,125
"1284",16,395,1.0006593,1.0008477,1.000471,1.001036,201,500,1901,700,125
"1285",16,397,1.0006593,1.0008477,1.000471,1.001036,216,500,1901,700,125
"1286",16,398,1.0006593,1.0008477,1.000471,1.001036,216,300,1901,700,125
"1287",16,399,1.0008477,1.001036,1.0006593,1.0012244,400,200,701,100,125
"1288",16,400,1.0008477,1.001036,1.0006593,1.0012244,200,400,701,300,125
"1289",16,401,1.0008477,1.001036,1.0006593,1.0012244,200,800,801,400,125
"1290",16,402,1.0008477,1.001036,1.0006593,1.0012244,200,800,815,400,125
"1291",16,403,1.0008477,1.001036,1.0006593,1.0012244,200,700,815,400,125
"1292",16,404,1.0008477,1.001036,1.0006593,1.0012244,200,700,815,600,125
"1293",16,406,1.0006593,1.001036,1.000471,1.0012244,615,700,801,600,125
"1294",16,407,1.0008477,1.001036,1.0006593,1.0012244,300,600,815,800,125
"1295",16,408,1.0008477,1.001036,1.0006593,1.0012244,200,600,815,800,125
"1296",16,410,1.0008477,1.001036,1.0006593,1.0012244,300,500,815,500,125
"1297",16,411,1.0008477,1.001036,1.0006593,1.0012244,400,100,815,500,125
"1298",16,412,1.0008477,1.001036,1.0006593,1.0012244,600,169,815,700,125
"1299",16,413,1.0008477,1.001036,1.0006593,1.0012244,500,100,815,700,125
"1300",16,414,1.0008477,1.001036,1.0006593,1.0012244,400,100,815,700,125
"1301",16,415,1.0008477,1.001036,1.0006593,1.0012244,400,100,815,500,125
"1302",16,416,1.0008477,1.001036,1.0006593,1.0012244,400,300,815,700,125
"1303",16,417,1.0008477,1.001036,1.0006593,1.0012244,500,100,815,700,125
"1304",16,418,1.0008477,1.001036,1.0006593,1.0012244,715,100,815,500,125
"1305",16,419,1.0008477,1.001036,1.0006593,1.0012244,500,369,815,500,125
"1306",16,420,1.0008477,1.001036,1.0006593,1.0012244,500,369,815,600,125
"1307",16,421,1.0008477,1.001036,1.0006593,1.0012244,500,469,815,600,125
"1308",16,422,1.0008477,1.001036,1.0006593,1.0012244,500,269,815,600,125
"1309",16,423,1.0008477,1.001036,1.0006593,1.0012244,500,269,815,500,125
"1310",16,426,1.0008477,1.001036,1.0006593,1.0012244,500,169,815,600,125
"1311",16,427,1.0008477,1.001036,1.0006593,1.0012244,500,565,815,600,125
"1312",16,429,1.0008477,1.001036,1.0006593,1.0012244,815,365,815,600,125
"1313",16,430,1.0008477,1.001036,1.0006593,1.0012244,500,365,815,600,125
"1314",16,432,1.0008477,1.001036,1.0006593,1.0012244,615,365,815,600,125
"1315",16,433,1.0008477,1.001036,1.0006593,1.0012244,700,565,815,500,125
"1316",16,435,1.0008477,1.001036,1.0006593,1.0012244,700,565,815,800,125
"1317",16,436,1.0008477,1.001036,1.0006593,1.0012244,700,765,615,800,125
"1318",16,437,1.0008477,1.001036,1.0006593,1.0012244,700,565,815,800,125
"1319",16,438,1.0008477,1.001036,1.0006593,1.0012244,915,564,815,700,125
"1320",16,440,1.0008477,1.001036,1.0006593,1.0012244,815,468,815,800,125
"1321",16,441,1.0008477,1.001036,1.0006593,1.0012244,800,468,815,800,125
"1322",16,444,1.0008477,1.001036,1.0006593,1.0012244,800,668,815,800,125
"1323",16,445,1.0008477,1.001036,1.0006593,1.0012244,815,668,815,800,125
"1324",16,446,1.0008477,1.001036,1.0006593,1.0012244,800,668,815,800,125
"1325",16,447,1.0008477,1.001036,1.0006593,1.0012244,815,668,615,800,125
"1326",16,448,1.0008477,1.001036,1.0006593,1.0012244,800,468,815,800,125
"1327",16,449,1.0008477,1.001036,1.0006593,1.0012244,800,468,815,700,125
"1328",16,450,1.0008477,1.001036,1.0006593,1.0012244,800,668,815,700,125
"1329",16,451,1.0008477,1.001036,1.0006593,1.0012244,800,768,615,800,125
"1330",16,454,1.0008477,1.001036,1.0006593,1.0012244,800,768,615,800,125
"1331",16,455,1.0008477,1.001036,1.0006593,1.0012244,800,768,815,800,125
"1332",16,458,1.0008477,1.001036,1.0006593,1.0012244,800,768,815,600,125
"1333",16,460,1.0008477,1.001036,1.0006593,1.0012244,800,768,815,800,125
"1334",16,461,1.0008477,1.001036,1.0006593,1.0012244,800,726,815,800,125
"1335",16,462,1.0008477,1.001036,1.0006593,1.0012244,815,526,815,500,125
"1336",16,463,1.0008477,1.001036,1.0006593,1.0012244,800,826,815,500,125
"1337",16,464,1.0008477,1.001036,1.0006593,1.0012244,815,626,815,500,125
"1338",16,466,1.0008477,1.001036,1.0006593,1.0012244,815,626,815,500,125
