"","time_id","seconds_in_bucket","bid_price1","ask_price1","bid_price2","ask_price2","bid_size1","ask_size1","bid_size2","ask_size2","stock_id"
"1",5,0,1.0007545,1.0015419,1.0006889,1.0016074,1,25,25,100,1
"2",5,1,1.0007545,1.0016731,1.0006889,1.0017387,26,60,25,100,1
"3",5,2,1.0007545,1.0014106,1.0006233,1.0014763,1,25,25,125,1
"4",5,3,1.0007545,1.0015419,1.0006889,1.0016074,125,25,126,36,1
"5",5,4,1.0007545,1.0014763,1.0006233,1.0015419,100,100,25,25,1
"6",5,5,1.0007545,1.0015419,1.0006233,1.0016731,100,25,25,60,1
"7",5,6,1.0008202,1.0015419,1.0007545,1.0016731,100,125,125,60,1
"8",5,7,1.0008857,1.0015419,1.0008202,1.0016731,1,125,100,60,1
"9",5,8,1.0008857,1.0015419,1.0007545,1.0016731,1,225,100,60,1
"10",5,9,1.0008857,1.0015419,1.0007545,1.0016731,1,200,100,60,1
"11",5,10,1.0008857,1.0015419,1.0007545,1.0016731,1,125,100,60,1
"12",5,11,1.0008857,1.0016731,1.0008202,1.0018042,25,35,126,25,1
"13",5,12,1.0008857,1.0016731,1.0007545,1.0018042,1,60,125,25,1
"14",5,13,1.0008857,1.0016731,1.0008202,1.0018699,25,35,126,25,1
"15",5,14,1.0008857,1.0019355,1.0008202,1.0020012,26,100,25,25,1
"16",5,15,1.0009514,1.0018042,1.0008857,1.0018699,101,125,25,49,1
"17",5,16,1.001017,1.0018042,1.0008857,1.0018699,1,100,225,24,1
"18",5,17,1.001017,1.0018042,1.0008857,1.0018699,26,100,125,24,1
"19",5,18,1.001017,1.0018699,1.0008857,1.0019355,26,24,225,100,1
"20",5,19,1.001017,1.0018699,1.0008857,1.0019355,26,24,25,100,1
"21",5,21,1.001017,1.0018699,1.0008857,1.0019355,26,24,25,100,1
"22",5,22,1.001017,1.0018699,1.0008857,1.0019355,27,24,25,100,1
"23",5,23,1.0012138,1.0018699,1.0011482,1.0019355,25,24,125,100,1
"24",5,24,1.0012138,1.0018699,1.0011482,1.0019355,33,24,125,100,1
"25",5,25,1.0012138,1.0018699,1.0011482,1.0019355,33,24,25,100,1
"26",5,27,1.0012138,1.0018699,1.0011482,1.0019355,25,24,25,100,1
"27",5,28,1.0020667,1.0025916,1.0020012,1.0027229,400,36,125,35,1
"28",5,29,1.0021323,1.0027229,1.0020667,1.0027884,2,35,100,27,1
"29",5,30,1.0022635,1.0027884,1.002198,1.0031165,100,1,225,26,1
"30",5,31,1.0022635,1.0027884,1.002198,1.0031165,8,1,125,26,1
"31",5,32,1.0022635,1.0027884,1.002198,1.0031165,8,1,172,26,1
"32",5,33,1.0022635,1.0027884,1.002198,1.0031165,383,1,147,26,1
"33",5,34,1.0022635,1.0027884,1.002198,1.0031165,383,1,147,26,1
"34",5,37,1.0022635,1.0027884,1.002198,1.0031165,383,1,147,26,1
"35",5,38,1.0024604,1.0027884,1.0023291,1.0031165,25,1,125,1,1
"36",5,39,1.0022635,1.0027884,1.002198,1.0031165,47,1,275,26,1
"37",5,40,1.0022635,1.0027884,1.002198,1.0029852,47,1,100,25,1
"38",5,41,1.0022635,1.0027884,1.002198,1.0029852,47,1,100,25,1
"39",5,42,1.002198,1.0027229,1.0020667,1.0027884,100,34,251,126,1
"40",5,43,1.002198,1.0027884,1.0020667,1.0030509,375,1,26,100,1
"41",5,44,1.002198,1.0029852,1.0020667,1.0030509,100,233,26,100,1
"42",5,45,1.002198,1.0029852,1.0020667,1.0030509,350,125,1,100,1
"43",5,46,1.002198,1.0029852,1.0020667,1.0031165,350,125,26,25,1
"44",5,47,1.0024604,1.0029852,1.002198,1.0030509,250,100,225,20,1
"45",5,48,1.0024604,1.0029852,1.002198,1.0030509,100,100,125,20,1
"46",5,49,1.002198,1.0026572,1.0020667,1.0027229,100,100,1,32,1
"47",5,50,1.002198,1.0026572,1.0020667,1.0027229,250,100,126,20,1
"48",5,51,1.0022635,1.0027229,1.002198,1.0029197,100,20,100,100,1
"49",5,52,1.0023291,1.0032477,1.002198,1.0033133,25,35,275,26,1
"50",5,53,1.002198,1.0032477,1.0020667,1.0033133,375,60,26,26,1
"51",5,54,1.002198,1.0032477,1.0020667,1.0033133,450,60,26,26,1
"52",5,55,1.002198,1.0032477,1.0020667,1.0033133,458,60,1,26,1
"53",5,56,1.002198,1.0032477,1.0020667,1.0033133,100,60,1,26,1
"54",5,57,1.002198,1.0031165,1.0020667,1.003182,100,25,1,425,1
"55",5,58,1.002198,1.0031165,1.0020667,1.003182,100,25,1,325,1
"56",5,59,1.0022635,1.0029852,1.002198,1.0030509,208,25,100,300,1
"57",5,60,1.0022635,1.0028541,1.002198,1.0029852,358,125,100,25,1
"58",5,61,1.0022635,1.0027884,1.002198,1.0028541,258,25,100,125,1
"59",5,62,1.0022635,1.0027884,1.002198,1.0028541,258,125,100,25,1
"60",5,63,1.0020012,1.0024604,1.0018042,1.002526,5,120,34,35,1
"61",5,64,1.0020012,1.002526,1.0017387,1.0025916,5,225,59,25,1
"62",5,65,1.0020012,1.002526,1.0017387,1.0025916,5,125,34,25,1
"63",5,66,1.0016731,1.0022635,1.0016074,1.002526,1,200,25,25,1
"64",5,67,1.0017387,1.0025916,1.0016731,1.0026572,125,1,1,225,1
"65",5,68,1.0018042,1.0025916,1.0017387,1.0026572,25,1,59,100,1
"66",5,69,1.0016074,1.002526,1.0014763,1.0025916,25,25,25,26,1
"67",5,70,1.0018042,1.0025916,1.0017387,1.0026572,125,1,125,25,1
"68",5,71,1.0018042,1.0025916,1.0017387,1.0026572,125,1,59,25,1
"69",5,72,1.0016074,1.002526,1.0014763,1.0025916,25,58,25,26,1
"70",5,73,1.0018042,1.002526,1.0017387,1.0025916,25,33,159,1,1
"71",5,74,1.0018042,1.002526,1.0017387,1.0025916,25,33,125,1,1
"72",5,75,1.0019355,1.0025916,1.0018699,1.0027229,225,1,25,34,1
"73",5,76,1.0019355,1.0027884,1.0018699,1.0028541,25,125,25,261,1
"74",5,77,1.0020667,1.0028541,1.0020012,1.0029852,25,236,25,25,1
"75",5,78,1.002198,1.0028541,1.0020667,1.0031165,125,236,25,26,1
"76",5,79,1.002198,1.0028541,1.0020667,1.0031165,125,38,25,1,1
"77",5,80,1.0023291,1.0028541,1.0022635,1.0031165,125,2,3,1,1
"78",5,81,1.0022635,1.0028541,1.002198,1.0031165,3,2,25,26,1
"79",5,82,1.0023291,1.0032477,1.002198,1.0033133,125,359,25,1,1
"80",5,83,1.002526,1.0032477,1.0023948,1.0033133,1,159,4,26,1
"81",5,84,1.0023948,1.0032477,1.0023291,1.0033133,104,159,25,26,1
"82",5,85,1.0024604,1.0032477,1.0023948,1.0033133,100,159,104,50,1
"83",5,86,1.0023948,1.0029197,1.0020667,1.0030509,104,25,25,25,1
"84",5,87,1.0023948,1.0030509,1.0020667,1.003182,104,25,25,200,1
"85",5,88,1.0024604,1.0030509,1.0023948,1.003182,105,25,104,100,1
"86",5,89,1.0024604,1.0030509,1.0023948,1.003182,5,25,104,100,1
"87",5,90,1.0023948,1.0031165,1.0020667,1.0032477,104,225,25,59,1
"88",5,92,1.0023948,1.0031165,1.0020012,1.0032477,104,225,25,59,1
"89",5,94,1.0023291,1.0028541,1.0020667,1.0029852,100,25,25,25,1
"90",5,95,1.0023291,1.0028541,1.0020012,1.0029852,100,25,25,25,1
"91",5,96,1.0023291,1.0028541,1.0019355,1.0029852,100,25,25,25,1
"92",5,97,1.0023291,1.0028541,1.0019355,1.0029852,100,25,25,25,1
"93",5,98,1.0023291,1.0028541,1.0018042,1.0029852,100,25,25,25,1
"94",5,99,1.0023291,1.0027884,1.0019355,1.0028541,100,25,25,25,1
"95",5,100,1.0023291,1.0029852,1.0020667,1.0030509,100,25,25,200,1
"96",5,101,1.0023291,1.0028541,1.0019355,1.0029852,100,25,25,25,1
"97",5,102,1.0023291,1.0029852,1.0020667,1.0030509,100,25,25,200,1
"98",5,103,1.0023291,1.0029852,1.0020667,1.0030509,100,25,25,200,1
"99",5,104,1.0023291,1.0029852,1.002198,1.0031165,100,25,25,25,1
"100",5,105,1.0023291,1.0028541,1.0020667,1.0029852,100,25,25,25,1
"101",5,106,1.0023291,1.0028541,1.0020667,1.0029852,100,25,25,25,1
"102",5,107,1.0023291,1.0028541,1.0019355,1.0029852,100,25,25,25,1
"103",5,108,1.0020012,1.002526,1.0016731,1.0025916,73,25,1,25,1
"104",5,109,1.0020012,1.0024604,1.0016731,1.0025916,73,25,1,25,1
"105",5,110,1.0018042,1.0025916,1.0017387,1.0027229,25,25,25,61,1
"106",5,111,1.0018042,1.0026572,1.0017387,1.0027229,25,25,25,61,1
"107",5,112,1.0017387,1.0026572,1.0016731,1.0027229,125,28,1,61,1
"108",5,113,1.0017387,1.0026572,1.0016731,1.0027229,25,28,1,61,1
"109",5,114,1.0019355,1.0026572,1.0018699,1.0027884,25,3,25,25,1
"110",5,115,1.0019355,1.0028541,1.0018042,1.0029852,100,25,25,25,1
"111",5,117,1.0023291,1.003182,1.002198,1.0032477,161,25,25,25,1
"112",5,118,1.002198,1.0031165,1.0020667,1.003182,25,25,25,26,1
"113",5,119,1.002198,1.0031165,1.0020667,1.003182,61,25,25,26,1
"114",5,120,1.0023291,1.0032477,1.002198,1.0033133,100,161,36,263,1
"115",5,121,1.002198,1.0032477,1.0020012,1.0033133,36,161,200,263,1
"116",5,122,1.0018042,1.0028541,1.0017387,1.0029852,125,25,25,25,1
"117",5,123,1.0019355,1.0027884,1.0018699,1.0028541,25,25,25,25,1
"118",5,124,1.0018042,1.0027884,1.0017387,1.0028541,42,25,166,25,1
"119",5,125,1.0017387,1.0027884,1.0016731,1.0028541,100,25,1,25,1
"120",5,126,1.0016731,1.0027884,1.0016074,1.0028541,1,27,38,25,1
"121",5,127,1.0017387,1.0027884,1.0016731,1.0028541,101,27,26,45,1
"122",5,128,1.0019355,1.0027884,1.0018699,1.0028541,25,27,25,45,1
"123",5,129,1.0019355,1.0027884,1.0018699,1.0028541,25,2,25,45,1
"124",5,130,1.0020667,1.0027884,1.0020012,1.0030509,126,22,25,41,1
"125",5,131,1.0020667,1.0027884,1.0018699,1.0028541,1,47,25,50,1
"126",5,132,1.0020667,1.0027884,1.0019355,1.0028541,1,47,25,50,1
"127",5,133,1.0020667,1.0027884,1.0018042,1.0028541,1,47,25,50,1
"128",5,134,1.0020667,1.0027884,1.0018042,1.0028541,1,47,25,50,1
"129",5,135,1.0019355,1.0027884,1.0018699,1.0028541,126,47,25,50,1
"130",5,136,1.0020667,1.0027884,1.0017387,1.0028541,1,47,25,50,1
"131",5,137,1.0020012,1.0027884,1.0018699,1.0028541,25,47,125,50,1
"132",5,138,1.0020667,1.0027884,1.0019355,1.0028541,1,47,25,50,1
"133",5,139,1.0019355,1.0027884,1.0018699,1.0028541,25,47,25,50,1
"134",5,140,1.0020667,1.0027884,1.0020012,1.0028541,125,20,25,50,1
"135",5,141,1.002198,1.0027884,1.0021323,1.0028541,100,20,1,50,1
"136",5,142,1.0022635,1.0027884,1.0020012,1.0028541,1,45,25,50,1
"137",5,143,1.0021323,1.0027884,1.0019355,1.0028541,100,45,25,50,1
"138",5,144,1.0021323,1.0027884,1.0019355,1.0028541,37,45,25,50,1
"139",5,145,1.0021323,1.0027884,1.0018699,1.0028541,7,45,25,50,1
"140",5,146,1.002198,1.0027884,1.0021323,1.0028541,103,45,43,50,1
"141",5,147,1.002198,1.0027884,1.0019355,1.0028541,113,45,25,50,1
"142",5,148,1.0023948,1.0032477,1.0022635,1.0033133,25,61,125,50,1
"143",5,149,1.0026572,1.0032477,1.0023948,1.0033133,8,61,25,50,1
"144",5,150,1.0026572,1.0033133,1.002526,1.003379,7,25,25,25,1
"145",5,151,1.0026572,1.0033133,1.0025916,1.0034446,26,25,25,25,1
"146",5,152,1.0030509,1.0034446,1.0027229,1.0035758,1,25,100,25,1
"147",5,153,1.0027884,1.0036414,1.0027229,1.0037069,25,100,60,25,1
"148",5,154,1.0029197,1.0037069,1.0027884,1.0037726,100,225,26,25,1
"149",5,155,1.0029852,1.0037069,1.0029197,1.0037726,8,25,25,25,1
"150",5,156,1.0029197,1.0037069,1.0027884,1.0037726,125,25,25,25,1
"151",5,157,1.0029197,1.0037069,1.0027884,1.0037726,125,25,25,25,1
"152",5,158,1.0027884,1.0037069,1.0027229,1.0037726,25,25,67,25,1
"153",5,159,1.0029197,1.0037069,1.0028541,1.0037726,7,150,100,25,1
"154",5,160,1.0028541,1.0037069,1.0027884,1.0037726,7,50,60,25,1
"155",5,161,1.0028541,1.0037069,1.0027884,1.0037726,7,50,35,25,1
"156",5,162,1.0029197,1.0037069,1.0027884,1.0037726,125,125,60,25,1
"157",5,163,1.0028541,1.0037069,1.0027884,1.0037726,250,125,60,25,1
"158",5,164,1.0027884,1.0037069,1.0027229,1.0037726,35,25,25,25,1
"159",5,165,1.0030509,1.0038382,1.0029197,1.0039039,32,1761,125,25,1
"160",5,166,1.0031165,1.0038382,1.0030509,1.0039039,8,1761,25,25,1
"161",5,167,1.0031165,1.0038382,1.0030509,1.004035,35,1701,26,25,1
"162",5,168,1.0031165,1.0038382,1.0030509,1.0039694,36,1736,25,25,1
"163",5,169,1.0031165,1.0038382,1.0029197,1.0039039,11,1761,25,25,1
"164",5,170,1.0030509,1.0038382,1.0029197,1.0039039,11,1761,25,25,1
"165",5,171,1.0031165,1.0038382,1.0030509,1.0039039,125,1736,127,25,1
"166",5,172,1.0030509,1.0037726,1.0029197,1.0038382,100,100,25,1726,1
"167",5,173,1.0035101,1.0041007,1.0034446,1.0041662,100,93,6,1,1
"168",5,174,1.0035101,1.0039694,1.003182,1.004035,100,218,25,25,1
"169",5,175,1.0031165,1.0037726,1.0030509,1.0039694,25,93,25,25,1
"170",5,176,1.0031165,1.0037726,1.0030509,1.0041007,175,93,25,25,1
"171",5,177,1.0031165,1.0037726,1.0030509,1.004035,175,93,25,25,1
"172",5,178,1.0031165,1.0037726,1.0030509,1.0038382,175,93,25,35,1
"173",5,180,1.0031165,1.0037726,1.0030509,1.0038382,25,93,125,35,1
"174",5,181,1.0030509,1.0037726,1.0029197,1.0038382,25,93,25,60,1
"175",5,182,1.0031165,1.0037726,1.0030509,1.0038382,125,93,125,35,1
"176",5,183,1.0031165,1.0037726,1.0030509,1.0039039,125,93,25,25,1
"177",5,184,1.0031165,1.0037726,1.0030509,1.0039694,125,93,25,25,1
"178",5,185,1.0032477,1.0037726,1.003182,1.0041662,125,93,25,1,1
"179",5,186,1.0036414,1.0041662,1.0035758,1.0043631,25,1,100,100,1
"180",5,187,1.0037069,1.0041662,1.0036414,1.0043631,25,1,25,100,1
"181",5,188,1.0038382,1.0043631,1.0037726,1.0044943,25,100,125,100,1
"182",5,189,1.0037726,1.0043631,1.0037069,1.0044943,25,100,25,135,1
"183",5,190,1.0038382,1.0043631,1.0037726,1.0044943,125,100,25,100,1
"184",5,191,1.0041007,1.0044943,1.004035,1.0045599,125,100,25,1,1
"185",5,192,1.0041007,1.0044943,1.004035,1.0045599,125,100,25,1,1
"186",5,193,1.0041007,1.0044943,1.004035,1.0045599,100,100,25,1,1
"187",5,194,1.0042318,1.0047568,1.0041662,1.0049536,25,1,200,1,1
"188",5,195,1.0042318,1.0047568,1.0041662,1.0049536,125,1,210,1,1
"189",5,196,1.0041662,1.0047568,1.0041007,1.0049536,10,1,125,1,1
"190",5,197,1.0044943,1.0051504,1.0044287,1.005216,11,225,25,28,1
"191",5,198,1.0044943,1.0051504,1.0043631,1.005216,11,225,25,28,1
"192",5,199,1.0044943,1.0051504,1.0043631,1.005216,11,225,25,28,1
"193",5,200,1.0045599,1.005216,1.0044943,1.0054128,125,3,25,1,1
"194",5,201,1.0046911,1.0054785,1.0046256,1.0055441,15,135,25,25,1
"195",5,202,1.0046911,1.0054785,1.0044287,1.0056096,15,160,25,25,1
"196",5,203,1.0046911,1.0054785,1.0046256,1.0058066,40,100,25,25,1
"197",5,204,1.0050848,1.0058721,1.0050192,1.0059377,200,425,25,226,1
"198",5,205,1.0050848,1.0057409,1.0048224,1.0058066,100,72,25,25,1
"199",5,206,1.0051504,1.0058066,1.0050192,1.0058721,101,200,125,72,1
"200",5,207,1.0054128,1.006069,1.0052817,1.0062658,25,100,25,45,1
"201",5,208,1.0056753,1.006069,1.0054128,1.0062658,19,100,25,45,1
"202",5,209,1.0056096,1.006069,1.0054785,1.0062658,8,100,11,45,1
"203",5,210,1.0054785,1.006069,1.0054128,1.0062658,19,100,25,45,1
"204",5,211,1.0054785,1.006069,1.0054128,1.0062658,19,100,25,45,1
"205",5,212,1.0055441,1.006069,1.0054785,1.0062658,225,100,219,45,1
"206",5,213,1.0056096,1.0064626,1.0055441,1.0065283,111,25,125,25,1
"207",5,214,1.0050192,1.0056753,1.0049536,1.0059377,25,1,25,25,1
"208",5,215,1.0050192,1.0059377,1.0049536,1.0060034,25,25,25,125,1
"209",5,216,1.0051504,1.006069,1.0050848,1.0061345,25,59,25,1,1
"210",5,217,1.0049536,1.0058721,1.0048224,1.0059377,25,125,25,525,1
"211",5,218,1.0050192,1.0058721,1.0049536,1.0059377,25,125,25,325,1
"212",5,219,1.0051504,1.0060034,1.0049536,1.006069,150,425,25,59,1
"213",5,220,1.0051504,1.0060034,1.0050192,1.006069,150,25,25,59,1
"214",5,221,1.0051504,1.0060034,1.0048224,1.006069,150,25,125,59,1
"215",5,222,1.0051504,1.0060034,1.0049536,1.006069,150,27,25,59,1
"216",5,223,1.0051504,1.0060034,1.0049536,1.006069,150,27,25,59,1
"217",5,225,1.0054128,1.0064626,1.0052817,1.0065938,25,525,125,26,1
"218",5,226,1.0057409,1.0064626,1.0055441,1.0065283,103,225,25,25,1
"219",5,227,1.0058066,1.0064626,1.0055441,1.0065283,203,25,25,25,1
"220",5,228,1.0058066,1.0064626,1.0054128,1.0065283,3,25,25,25,1
"221",5,229,1.0058066,1.0064626,1.0055441,1.0065283,3,25,25,25,1
"222",5,230,1.0058066,1.0064626,1.0055441,1.0065283,153,125,25,25,1
"223",5,231,1.0058066,1.0064626,1.0054128,1.0065283,3,125,25,25,1
"224",5,232,1.0051504,1.0060034,1.0050848,1.006069,150,1,59,25,1
"225",5,233,1.0052817,1.0060034,1.0050848,1.006069,100,125,59,125,1
"226",5,234,1.0052817,1.0060034,1.005216,1.0061345,25,100,25,133,1
"227",5,235,1.0052817,1.0063314,1.005216,1.006397,25,25,25,25,1
"228",5,236,1.0052817,1.0063314,1.005216,1.006397,25,7,25,25,1
"229",5,237,1.0052817,1.0063314,1.005216,1.0064626,25,7,25,25,1
"230",5,238,1.0052817,1.0064626,1.005216,1.0065283,25,25,25,32,1
"231",5,239,1.0052817,1.0064626,1.005216,1.0065283,25,84,25,9,1
"232",5,240,1.0054128,1.0064626,1.0053473,1.0065283,25,425,200,25,1
"233",5,241,1.0054128,1.0064626,1.0052817,1.0065283,125,25,25,25,1
"234",5,242,1.0056096,1.0064626,1.0055441,1.0065283,10,26,100,125,1
"235",5,243,1.0056096,1.0064626,1.0054785,1.0065283,10,26,150,25,1
"236",5,244,1.0056753,1.0064626,1.0056096,1.0065283,159,25,10,25,1
"237",5,245,1.0056753,1.0064626,1.0056096,1.0065283,100,126,10,25,1
"238",5,246,1.0056096,1.0064626,1.0055441,1.0065283,10,126,25,25,1
"239",5,247,1.0056096,1.0064626,1.0055441,1.0065283,10,125,25,45,1
"240",5,248,1.0056096,1.0064626,1.0054785,1.0065283,25,100,25,20,1
"241",5,249,1.0058721,1.0064626,1.0058066,1.0065283,125,100,25,20,1
"242",5,250,1.0058721,1.0065283,1.0058066,1.0066595,125,20,25,35,1
"243",5,251,1.0058721,1.006397,1.0054785,1.0064626,100,100,25,325,1
"244",5,252,1.0055441,1.0062002,1.0052817,1.0063314,100,45,25,225,1
"245",5,253,1.0055441,1.0061345,1.0052817,1.0062002,100,207,25,45,1
"246",5,254,1.0053473,1.006069,1.0052817,1.0062002,3,20,25,25,1
"247",5,255,1.0054128,1.006069,1.0053473,1.0062002,225,25,3,25,1
"248",5,256,1.0054785,1.006069,1.0054128,1.0062002,12,25,25,25,1
"249",5,257,1.0050848,1.0057409,1.0050192,1.0060034,25,20,259,125,1
"250",5,258,1.005216,1.0057409,1.0051504,1.0060034,100,20,100,25,1
"251",5,259,1.005216,1.0060034,1.0050848,1.006069,32,200,25,30,1
"252",5,260,1.0052817,1.006069,1.005216,1.0062658,25,5,32,1,1
"253",5,261,1.0054128,1.006069,1.0052817,1.0062658,25,5,25,1,1
"254",5,262,1.0053473,1.006069,1.005216,1.0062658,25,5,32,1,1
"255",5,263,1.0052817,1.0060034,1.005216,1.006069,100,200,32,130,1
"256",5,264,1.0052817,1.0060034,1.005216,1.006069,100,25,7,130,1
"257",5,265,1.005216,1.0060034,1.0051504,1.006069,357,230,25,25,1
"258",5,266,1.0052817,1.0060034,1.005216,1.006069,25,5,382,25,1
"259",5,267,1.0052817,1.0060034,1.005216,1.006069,25,5,382,25,1
"260",5,268,1.0052817,1.0060034,1.005216,1.006069,31,5,382,25,1
"261",5,269,1.005216,1.0058721,1.0050848,1.0059377,357,125,25,25,1
"262",5,270,1.005216,1.0058721,1.0051504,1.0059377,357,125,25,25,1
"263",5,271,1.005216,1.0058721,1.0051504,1.0059377,357,100,25,25,1
"264",5,272,1.005216,1.0058721,1.0050192,1.0059377,357,125,159,25,1
"265",5,273,1.0048879,1.0052817,1.0048224,1.0054785,100,100,1,100,1
"266",5,274,1.0049536,1.0052817,1.0048879,1.0054128,1,100,100,101,1
"267",5,275,1.0048224,1.0051504,1.0046256,1.0052817,1,110,31,125,1
"268",5,276,1.0046256,1.0051504,1.0045599,1.005216,31,125,5,25,1
"269",5,277,1.0044287,1.0048879,1.0043631,1.0050192,5,100,10,25,1
"270",5,278,1.0044287,1.0048879,1.0043631,1.0050192,5,100,10,25,1
"271",5,279,1.0044287,1.0048879,1.0043631,1.0050192,5,124,10,25,1
"272",5,280,1.0044287,1.0048879,1.0043631,1.0050192,5,148,10,25,1
"273",5,281,1.0044287,1.0048224,1.0043631,1.0048879,5,300,10,124,1
"274",5,282,1.0044943,1.0052817,1.0044287,1.0054128,200,125,67,126,1
"275",5,283,1.0044943,1.0052817,1.0044287,1.0053473,225,125,67,125,1
"276",5,284,1.0046256,1.005216,1.0045599,1.0052817,3,25,100,225,1
"277",5,285,1.0044943,1.0052817,1.0044287,1.0053473,100,125,67,125,1
"278",5,286,1.0044943,1.0052817,1.0044287,1.0053473,100,173,67,125,1
"279",5,287,1.0045599,1.0052817,1.0044943,1.0053473,125,48,152,125,1
"280",5,288,1.0045599,1.0054128,1.0044943,1.0054785,125,311,152,25,1
"281",5,289,1.0046911,1.0054128,1.0045599,1.0056096,26,100,25,26,1
"282",5,290,1.0046911,1.0052817,1.0044943,1.0053473,1,25,152,225,1
"283",5,291,1.0045599,1.0053473,1.0044943,1.0054128,25,225,152,100,1
"284",5,292,1.0045599,1.0054128,1.0044943,1.0054785,26,100,152,25,1
"285",5,293,1.0045599,1.0052817,1.0044943,1.0053473,1,25,127,233,1
"286",5,294,1.0044943,1.0053473,1.0044287,1.0054785,152,33,67,25,1
"287",5,295,1.0046911,1.0054785,1.0046256,1.0056096,125,25,25,26,1
"288",5,296,1.0045599,1.0053473,1.0044943,1.0054785,25,25,152,232,1
"289",5,297,1.0046256,1.005216,1.0044943,1.0052817,101,25,127,25,1
"290",5,298,1.0044943,1.0049536,1.0044287,1.0050192,27,100,5,25,1
"291",5,299,1.0044943,1.0050848,1.0044287,1.0051504,27,25,5,26,1
"292",5,300,1.0044943,1.0051504,1.0044287,1.005216,27,26,5,25,1
"293",5,301,1.0044287,1.0046911,1.0043631,1.0049536,5,100,10,1,1
"294",5,302,1.0044287,1.0048879,1.0043631,1.0049536,5,125,10,1,1
"295",5,303,1.0043631,1.0048224,1.0042975,1.0048879,10,25,10,25,1
"296",5,305,1.0043631,1.0047568,1.0042975,1.0048879,10,100,10,25,1
"297",5,306,1.0042975,1.0048879,1.0042318,1.0049536,10,225,1,1,1
"298",5,307,1.0042975,1.0048879,1.0042318,1.0049536,10,200,26,21,1
"299",5,308,1.0042975,1.0048879,1.0042318,1.0049536,10,125,1,21,1
"300",5,309,1.0042318,1.0044943,1.0041662,1.0047568,1,20,2,25,1
"301",5,310,1.0042318,1.0044943,1.0041662,1.0046911,1,20,2,25,1
"302",5,311,1.004035,1.0044943,1.0039694,1.0045599,35,20,2,25,1
"303",5,312,1.004035,1.0044943,1.0039694,1.0046911,35,20,2,25,1
"304",5,313,1.0041007,1.0044943,1.004035,1.0047568,100,20,35,62,1
"305",5,314,1.004035,1.0044943,1.0039694,1.0046911,35,20,2,25,1
"306",5,315,1.004035,1.0044943,1.0039694,1.0047568,35,20,2,62,1
"307",5,316,1.0042318,1.0047568,1.0041007,1.0048224,11,25,125,100,1
"308",5,317,1.0042318,1.0047568,1.0041007,1.0048224,12,25,25,100,1
"309",5,318,1.0042318,1.0047568,1.0041007,1.0048879,12,125,25,25,1
"310",5,319,1.0042318,1.0046911,1.004035,1.0047568,1,125,35,250,1
"311",5,320,1.004035,1.0046911,1.0039694,1.0047568,35,125,2,250,1
"312",5,321,1.004035,1.0046911,1.0039694,1.0047568,35,25,2,250,1
"313",5,322,1.004035,1.0046911,1.0039694,1.0047568,35,126,2,150,1
"314",5,323,1.004035,1.0046911,1.0039694,1.0047568,35,125,27,49,1
"315",5,324,1.004035,1.0046911,1.0039694,1.0047568,36,125,2,49,1
"316",5,325,1.004035,1.0046911,1.0039694,1.0047568,46,100,27,24,1
"317",5,326,1.0041007,1.0046911,1.004035,1.0047568,125,100,61,24,1
"318",5,327,1.0041007,1.0046911,1.004035,1.0047568,26,100,60,24,1
"319",5,328,1.0041007,1.0046911,1.004035,1.0047568,125,100,71,24,1
"320",5,329,1.0042318,1.0046911,1.0041007,1.0047568,11,100,126,24,1
"321",5,330,1.0042318,1.0046911,1.0041662,1.0047568,1,200,11,24,1
"322",5,331,1.0041662,1.0046911,1.0041007,1.0047568,8,200,37,24,1
"323",5,332,1.0041007,1.0046911,1.004035,1.0047568,20,225,35,49,1
"324",5,333,1.0041007,1.0046911,1.004035,1.0047568,13,200,35,49,1
"325",5,334,1.0041007,1.0046911,1.004035,1.0047568,1,225,35,49,1
"326",5,335,1.0035758,1.0042975,1.0034446,1.0044287,200,25,10,25,1
"327",5,336,1.0030509,1.0034446,1.0029852,1.0037069,5,100,10,25,1
"328",5,337,1.0027884,1.003379,1.0027229,1.0034446,5,100,1,125,1
"329",5,338,1.0027884,1.0034446,1.0027229,1.0035758,5,265,1,25,1
"330",5,339,1.0027884,1.003379,1.0027229,1.0034446,5,100,1,200,1
"331",5,340,1.0032477,1.0039039,1.0031165,1.0039694,5,25,61,26,1
"332",5,341,1.0027884,1.0038382,1.0027229,1.0039039,30,125,26,25,1
"333",5,342,1.0029197,1.0038382,1.0027884,1.0039039,58,125,30,25,1
"334",5,343,1.0029197,1.0038382,1.0027884,1.0039039,25,25,30,25,1
"335",5,344,1.0031165,1.0038382,1.0027884,1.0039039,36,125,30,25,1
"336",5,345,1.0031165,1.0038382,1.0029197,1.0039039,36,25,25,25,1
"337",5,346,1.0031165,1.0038382,1.0029197,1.0039039,36,25,25,25,1
"338",5,347,1.0032477,1.0037726,1.0031165,1.0038382,100,210,36,1,1
"339",5,348,1.0032477,1.0037726,1.0029852,1.0038382,3,110,25,26,1
"340",5,349,1.0032477,1.0037726,1.0031165,1.0038382,3,10,36,26,1
"341",5,350,1.0032477,1.0037726,1.0031165,1.0038382,3,10,61,1,1
"342",5,351,1.0032477,1.0037726,1.0029852,1.0038382,3,10,25,1,1
"343",5,352,1.0029852,1.0037726,1.0028541,1.0038382,25,10,25,26,1
"344",5,353,1.0031165,1.0038382,1.0030509,1.0039694,98,1,25,26,1
"345",5,354,1.0031165,1.0037069,1.0028541,1.0037726,4,125,25,25,1
"346",5,355,1.0031165,1.0037069,1.0030509,1.0038382,62,100,25,1,1
"347",5,356,1.0035101,1.0039694,1.0033133,1.004035,3,1,25,199,1
"348",5,357,1.0035101,1.0039694,1.0032477,1.004035,4,1,25,224,1
"349",5,358,1.0035101,1.0039694,1.0031165,1.004035,4,1,161,224,1
"350",5,359,1.0035101,1.0039694,1.0032477,1.004035,4,1,25,199,1
"351",5,360,1.0035101,1.0039694,1.003182,1.004035,4,1,225,224,1
"352",5,361,1.0035101,1.0039694,1.0032477,1.004035,4,1,25,199,1
"353",5,362,1.0035101,1.0039694,1.0033133,1.004035,4,1,25,199,1
"354",5,363,1.0035101,1.0039694,1.003182,1.004035,3,26,225,224,1
"355",5,364,1.0035101,1.0039694,1.0032477,1.004035,3,1,25,199,1
"356",5,365,1.0027884,1.0035758,1.0027229,1.0037069,5,148,1,261,1
"357",5,366,1.0029197,1.0035758,1.0027884,1.0037069,58,109,30,200,1
"358",5,367,1.0029197,1.0035758,1.0027884,1.0037069,58,109,30,200,1
"359",5,368,1.0029197,1.0035758,1.0027884,1.0037069,33,109,30,25,1
"360",5,369,1.0029197,1.0035758,1.0027884,1.0037069,33,144,30,61,1
"361",5,370,1.0029197,1.0035758,1.0027884,1.0039694,58,45,30,126,1
"362",5,371,1.0027884,1.0035758,1.0027229,1.0037069,30,45,226,25,1
"363",5,372,1.0027884,1.0035758,1.0027229,1.0037069,30,144,26,25,1
"364",5,373,1.0027884,1.0035758,1.0027229,1.0037069,30,144,26,25,1
"365",5,374,1.0027884,1.0035758,1.0027229,1.0037069,5,169,1,25,1
"366",5,375,1.0027884,1.0035758,1.0027229,1.0037726,30,144,26,25,1
"367",5,376,1.0027884,1.0035758,1.0027229,1.0037069,30,144,26,25,1
"368",5,377,1.0027884,1.0035758,1.0027229,1.0037069,16,169,26,25,1
"369",5,378,1.0027884,1.0034446,1.0027229,1.0035758,16,100,1,159,1
"370",5,379,1.0027884,1.003379,1.0027229,1.0034446,5,25,1,125,1
"371",5,380,1.0027884,1.003379,1.0027229,1.0034446,5,200,1,25,1
"372",5,381,1.0027884,1.003379,1.0027229,1.0034446,5,200,1,25,1
"373",5,382,1.0027884,1.003379,1.0027229,1.0034446,5,125,1,25,1
"374",5,383,1.0027884,1.0032477,1.0027229,1.0033133,5,224,1,25,1
"375",5,384,1.0027229,1.0031165,1.0025916,1.0032477,1,10,5,125,1
"376",5,385,1.0027229,1.0031165,1.0025916,1.0032477,1,10,5,100,1
"377",5,386,1.0027229,1.0031165,1.0025916,1.003182,1,10,5,25,1
"378",5,387,1.0027229,1.0032477,1.0025916,1.0033133,1,200,30,34,1
"379",5,388,1.0027229,1.0032477,1.0026572,1.0033133,12,200,25,34,1
"380",5,389,1.0027884,1.0032477,1.0027229,1.0033133,16,299,27,34,1
"381",5,390,1.0027884,1.0032477,1.0027229,1.0033133,16,200,1,34,1
"382",5,391,1.0027884,1.0032477,1.0027229,1.0033133,17,299,26,34,1
"383",5,392,1.0027884,1.0032477,1.0027229,1.0033133,6,299,5,34,1
"384",5,393,1.0027229,1.0032477,1.0026572,1.0033133,5,299,16,34,1
"385",5,394,1.0026572,1.0029852,1.0025916,1.0032477,16,100,5,424,1
"386",5,395,1.0025916,1.0029852,1.002526,1.0032477,5,100,25,299,1
"387",5,396,1.0026572,1.0032477,1.0025916,1.0033133,58,299,30,34,1
"388",5,397,1.0026572,1.0032477,1.0025916,1.0033133,58,299,30,34,1
"389",5,398,1.0027229,1.0033133,1.0026572,1.0035758,25,34,58,25,1
"390",5,399,1.0027884,1.0033133,1.0027229,1.0036414,25,34,25,100,1
"391",5,400,1.0031165,1.0036414,1.0030509,1.0038382,25,100,25,1,1
"392",5,401,1.0029197,1.0036414,1.0027884,1.0038382,25,100,25,26,1
"393",5,402,1.0029852,1.0036414,1.0027884,1.0038382,25,100,25,26,1
"394",5,403,1.0030509,1.0036414,1.0029197,1.0038382,150,100,25,26,1
"395",5,404,1.0027884,1.0035758,1.0027229,1.0036414,25,125,25,100,1
"396",5,405,1.0030509,1.0035758,1.0027884,1.0036414,150,100,25,100,1
"397",5,406,1.003182,1.0038382,1.0031165,1.0039694,25,1,3,1,1
"398",5,407,1.0039039,1.0042318,1.0038382,1.0044287,4,24,100,25,1
"399",5,408,1.003182,1.0041007,1.0030509,1.0041662,60,325,25,125,1
"400",5,409,1.0032477,1.0041007,1.003182,1.0041662,58,25,25,125,1
"401",5,410,1.003379,1.0041662,1.0032477,1.0042318,25,225,25,24,1
"402",5,411,1.003379,1.0042318,1.0033133,1.0042975,25,127,25,25,1
"403",5,412,1.003379,1.0041662,1.0033133,1.0042318,25,100,25,100,1
"404",5,413,1.003379,1.0042318,1.0033133,1.0044287,175,100,25,25,1
"405",5,414,1.003379,1.0041662,1.0033133,1.0042318,175,125,25,100,1
"406",5,415,1.003379,1.0041662,1.0033133,1.0042318,175,1,25,100,1
"407",5,417,1.0036414,1.0044943,1.0035101,1.0046256,25,26,25,225,1
"408",5,418,1.0037069,1.0044943,1.0036414,1.0046256,25,61,25,225,1
"409",5,419,1.0035101,1.0041007,1.003379,1.0043631,25,216,25,25,1
"410",5,420,1.0034446,1.0041007,1.0033133,1.0043631,58,216,25,25,1
"411",5,421,1.0034446,1.0041007,1.0033133,1.0043631,58,216,25,25,1
"412",5,422,1.003182,1.0039694,1.0031165,1.004035,33,225,410,25,1
"413",5,423,1.0032477,1.0041007,1.003182,1.0041662,25,216,58,25,1
"414",5,424,1.003182,1.0041007,1.0031165,1.0043631,25,216,310,25,1
"415",5,425,1.0032477,1.0041007,1.003182,1.0042318,58,216,75,25,1
"416",5,426,1.0032477,1.0041007,1.003182,1.0042318,58,216,25,25,1
"417",5,427,1.0032477,1.0041007,1.003182,1.0041662,58,216,25,20,1
"418",5,428,1.0032477,1.0041007,1.003182,1.0041662,58,216,283,20,1
"419",5,429,1.0032477,1.0041007,1.003182,1.0041662,416,216,25,20,1
"420",5,434,1.0035101,1.0041007,1.003379,1.0041662,25,216,25,20,1
"421",5,435,1.0036414,1.0042975,1.0035758,1.0044943,25,16,52,35,1
"422",5,437,1.0035101,1.0042975,1.0034446,1.0044943,175,16,4,35,1
"423",5,438,1.0037069,1.0042975,1.0036414,1.0044287,12,241,52,25,1
"424",5,439,1.0037069,1.0042975,1.0034446,1.0044287,12,341,4,25,1
"425",5,440,1.0037069,1.0042975,1.0035758,1.0044287,12,116,25,25,1
"426",5,441,1.0037726,1.0042975,1.0036414,1.0044287,64,116,25,25,1
"427",5,442,1.0037726,1.0042975,1.0036414,1.0044287,64,16,25,25,1
"428",5,443,1.0037726,1.0042975,1.0035101,1.0044287,12,41,25,25,1
"429",5,444,1.0037726,1.0042975,1.0035758,1.0044943,137,16,125,35,1
"430",5,445,1.004035,1.0047568,1.0039694,1.0048879,12,25,7,25,1
"431",5,446,1.004035,1.0046911,1.0039694,1.0047568,12,25,7,25,1
"432",5,448,1.0039694,1.0045599,1.0035758,1.0046256,7,25,25,25,1
"433",5,449,1.004035,1.0045599,1.0039694,1.0046256,65,25,7,25,1
"434",5,450,1.004035,1.0045599,1.0039694,1.0046256,20,25,7,25,1
"435",5,451,1.004035,1.0047568,1.0039694,1.0048879,20,25,7,25,1
"436",5,452,1.004035,1.0046911,1.0039694,1.0047568,20,25,7,25,1
"437",5,453,1.004035,1.0046256,1.0039694,1.0046911,20,25,7,25,1
"438",5,454,1.0041007,1.0049536,1.004035,1.0050192,77,1,45,161,1
"439",5,455,1.0042318,1.0048879,1.0041007,1.0049536,19,525,77,1,1
"440",5,456,1.0041007,1.0048879,1.004035,1.0049536,45,325,25,1,1
"441",5,457,1.0041007,1.0048879,1.004035,1.0049536,1,125,25,1,1
"442",5,458,1.0041007,1.0048879,1.004035,1.0049536,26,100,26,1,1
"443",5,459,1.0041007,1.0048879,1.004035,1.0049536,37,100,26,26,1
"444",5,460,1.0041007,1.0048879,1.004035,1.0049536,37,100,26,1,1
"445",5,461,1.0041007,1.0048879,1.004035,1.0049536,1,125,26,1,1
"446",5,462,1.0041007,1.0048879,1.004035,1.0049536,37,125,26,1,1
"447",5,463,1.004035,1.0048879,1.0039694,1.0049536,1,125,26,1,1
"448",5,464,1.0041007,1.0048879,1.004035,1.0049536,78,125,26,1,1
"449",5,465,1.0041007,1.0048879,1.004035,1.0049536,37,125,26,1,1
"450",5,466,1.0041007,1.0048224,1.004035,1.0048879,7,500,25,125,1
"451",5,467,1.0039694,1.0047568,1.0039039,1.0048224,27,27,27,300,1
"452",5,468,1.0039694,1.0046911,1.0039039,1.0047568,5,425,2,27,1
"453",5,469,1.0039039,1.0046911,1.0037726,1.0047568,2,425,12,27,1
"454",5,470,1.0039039,1.0046911,1.0037726,1.0047568,2,428,11,27,1
"455",5,471,1.004035,1.0046256,1.0039039,1.0046911,7,100,2,28,1
"456",5,472,1.0041007,1.0048879,1.004035,1.0049536,33,25,25,1,1
"457",5,473,1.0041007,1.0048879,1.004035,1.0049536,37,125,25,1,1
"458",5,474,1.0042318,1.0048879,1.0041662,1.005216,25,100,34,25,1
"459",5,475,1.0044287,1.0050192,1.0042975,1.0050848,8,125,4,25,1
"460",5,476,1.0044287,1.0050192,1.0043631,1.0050848,4,125,8,25,1
"461",5,477,1.0043631,1.0048224,1.004035,1.0049536,4,25,7,25,1
"462",5,478,1.0042975,1.0049536,1.0041007,1.0050192,1,25,25,35,1
"463",5,479,1.0042975,1.0048879,1.0041662,1.0050192,1,125,4,60,1
"464",5,480,1.004035,1.0048879,1.0039039,1.0050192,4,125,25,60,1
"465",5,481,1.0039694,1.0048879,1.0039039,1.0050192,75,425,75,60,1
"466",5,482,1.0041007,1.0048879,1.0039694,1.0050192,4,425,75,60,1
"467",5,483,1.0041007,1.0046256,1.0039039,1.0047568,4,125,25,25,1
"468",5,484,1.0038382,1.0045599,1.0037726,1.0046256,25,25,25,125,1
"469",5,485,1.0038382,1.0050192,1.0037726,1.005216,425,35,25,25,1
"470",5,486,1.0038382,1.0050192,1.0037726,1.0050848,425,60,25,25,1
"471",5,487,1.0038382,1.0048879,1.0037726,1.0049536,425,25,25,20,1
"472",5,488,1.0041007,1.0048879,1.004035,1.0049536,25,25,25,20,1
"473",5,489,1.0039694,1.0048879,1.0039039,1.0049536,29,74,25,20,1
"474",5,490,1.0039694,1.0048879,1.0038382,1.0049536,4,374,125,20,1
"475",5,491,1.004035,1.0048879,1.0039694,1.0049536,4,325,150,20,1
"476",5,492,1.0039694,1.0046256,1.0038382,1.0046911,150,25,200,20,1
"477",5,494,1.0037726,1.0044943,1.0037069,1.0045599,25,100,25,45,1
"478",5,495,1.004035,1.0044943,1.0039694,1.0045599,2,100,175,20,1
"479",5,496,1.004035,1.0044943,1.0039694,1.0045599,2,100,350,20,1
"480",5,497,1.004035,1.0044943,1.0039694,1.0045599,2,100,350,20,1
"481",5,498,1.004035,1.0044943,1.0039694,1.0045599,2,100,375,20,1
"482",5,499,1.004035,1.0044943,1.0039694,1.0045599,27,100,375,20,1
"483",5,500,1.004035,1.0044943,1.0039694,1.0045599,2,100,375,20,1
"484",5,501,1.0041007,1.0044943,1.004035,1.0045599,25,100,177,20,1
"485",5,502,1.0041007,1.0044943,1.004035,1.0045599,12,100,152,20,1
"486",5,503,1.0041007,1.0044943,1.004035,1.0045599,1,100,152,20,1
"487",5,504,1.0041007,1.0044943,1.004035,1.0045599,1,100,152,20,1
"488",5,506,1.0041007,1.0044943,1.004035,1.0045599,1,100,152,45,1
"489",5,507,1.003379,1.0041007,1.0033133,1.0041662,25,121,25,45,1
"490",5,508,1.003379,1.0041007,1.0033133,1.0041662,25,104,25,45,1
"491",5,509,1.0032477,1.0041007,1.003182,1.0041662,26,129,35,45,1
"492",5,510,1.0034446,1.0041007,1.003379,1.0041662,1,104,25,45,1
"493",5,511,1.0034446,1.0041007,1.0032477,1.0041662,6,129,226,45,1
"494",5,513,1.0034446,1.0041007,1.0032477,1.0041662,6,129,226,45,1
"495",5,514,1.0034446,1.0041007,1.003379,1.0041662,6,129,25,45,1
"496",5,515,1.0030509,1.0037069,1.0029852,1.0037726,10,125,5,45,1
"497",5,516,1.0031165,1.0037069,1.0030509,1.0037726,162,100,35,20,1
"498",5,517,1.0032477,1.0037069,1.003182,1.0037726,25,100,125,20,1
"499",5,518,1.0036414,1.004035,1.0035758,1.0042318,37,1,100,25,1
"500",5,519,1.0036414,1.004035,1.0035758,1.0042318,38,1,100,25,1
"501",5,520,1.0036414,1.0042975,1.0035758,1.0043631,38,26,100,1,1
"502",5,521,1.0036414,1.0041662,1.0035758,1.0042975,1,25,100,226,1
"503",5,522,1.0035758,1.0041662,1.003379,1.0042975,1,25,25,126,1
"504",5,523,1.003379,1.0041662,1.0033133,1.0042975,25,25,26,26,1
"505",5,524,1.003379,1.0041662,1.0033133,1.0042975,126,151,26,26,1
"506",5,525,1.003379,1.0041007,1.0033133,1.0041662,1,25,1,151,1
"507",5,526,1.003379,1.0041662,1.0033133,1.0042975,75,126,1,25,1
"508",5,527,1.0030509,1.0037069,1.0029852,1.0037726,10,25,5,125,1
"509",5,528,1.0030509,1.0037069,1.0029852,1.0037726,10,25,5,25,1
"510",5,529,1.0030509,1.0038382,1.0029852,1.0039039,10,151,30,25,1
"511",5,530,1.0030509,1.0037069,1.0029852,1.0037726,10,25,5,25,1
"512",5,531,1.0030509,1.0037726,1.0029852,1.0038382,10,25,5,171,1
"513",5,532,1.0030509,1.0037726,1.0029852,1.0038382,10,25,5,171,1
"514",5,533,1.0030509,1.0037069,1.0029852,1.0037726,10,25,5,25,1
"515",5,534,1.0030509,1.0037726,1.0029852,1.0038382,10,25,5,171,1
"516",5,535,1.0031165,1.0037069,1.0030509,1.0038382,162,100,35,171,1
"517",5,536,1.0031165,1.0038382,1.0030509,1.0039039,140,171,35,25,1
"518",5,537,1.0030509,1.0038382,1.0029852,1.0039039,10,171,5,25,1
"519",5,538,1.0030509,1.0038382,1.0029852,1.0039039,10,171,5,25,1
"520",5,539,1.0029852,1.0034446,1.0029197,1.0036414,5,120,4,25,1
"521",5,540,1.0027884,1.003182,1.0027229,1.003379,1,20,5,25,1
"522",5,541,1.0027884,1.003182,1.0027229,1.003379,1,20,5,25,1
"523",5,542,1.0027884,1.003182,1.0027229,1.0033133,1,21,5,25,1
"524",5,543,1.0027884,1.003182,1.0027229,1.003379,1,21,5,25,1
"525",5,544,1.0027884,1.003182,1.0027229,1.0033133,1,21,5,25,1
"526",5,545,1.002526,1.0029197,1.0023948,1.0031165,144,20,49,25,1
"527",5,546,1.0023948,1.0028541,1.0023291,1.0029197,49,25,5,20,1
"528",5,547,1.002198,1.0026572,1.0021323,1.0029852,5,20,5,25,1
"529",5,548,1.002198,1.0026572,1.0021323,1.0029852,30,20,5,25,1
"530",5,549,1.002198,1.0026572,1.0021323,1.0030509,30,20,5,100,1
"531",5,550,1.0020012,1.002526,1.0018699,1.0025916,6,25,1,25,1
"532",5,551,1.0020012,1.0024604,1.0018699,1.0026572,6,1,1,271,1
"533",5,552,1.0020012,1.002526,1.0018699,1.0025916,6,1,1,25,1
"534",5,553,1.0020012,1.002526,1.0018699,1.0026572,6,1,1,371,1
"535",5,554,1.0020012,1.002526,1.0018699,1.0026572,6,2,1,371,1
"536",5,555,1.0020012,1.002526,1.0018699,1.0026572,6,2,1,371,1
"537",5,556,1.0020012,1.0023948,1.0018699,1.002526,6,101,1,1,1
"538",5,558,1.0020012,1.0023948,1.0018699,1.0026572,6,101,1,272,1
"539",5,559,1.0023948,1.0031165,1.0023291,1.003182,1,4,100,25,1
"540",5,560,1.0023948,1.0032477,1.0023291,1.0033133,37,126,100,1,1
"541",5,562,1.0023948,1.0033133,1.0023291,1.0034446,245,1,100,40,1
"542",5,564,1.0023948,1.0031165,1.0023291,1.0033133,245,126,100,1,1
"543",5,566,1.0023948,1.0031165,1.0023291,1.0033133,245,126,100,1,1
"544",5,567,1.0023948,1.0031165,1.0023291,1.0033133,245,126,100,1,1
"545",5,569,1.0024604,1.0031165,1.0023948,1.003182,11,151,209,25,1
"546",5,570,1.0024604,1.0031165,1.0023948,1.003182,11,151,209,25,1
"547",5,571,1.0024604,1.0031165,1.0023948,1.003182,12,151,101,25,1
"548",5,572,1.002526,1.003182,1.0024604,1.0032477,18,126,25,25,1
"549",5,573,1.002526,1.003182,1.0023948,1.0032477,18,151,209,25,1
"550",5,574,1.002526,1.003182,1.0023948,1.0032477,18,126,101,25,1
"551",5,575,1.0025916,1.003182,1.002526,1.0033133,62,126,7,1,1
"552",5,576,1.0025916,1.003182,1.0024604,1.0033133,18,126,25,1,1
"553",5,577,1.0030509,1.0035101,1.0029852,1.0037069,100,24,25,100,1
"554",5,578,1.003182,1.0037069,1.0031165,1.0037726,7,100,11,25,1
"555",5,579,1.0031165,1.0037069,1.0030509,1.0038382,43,100,25,1,1
"556",5,580,1.0031165,1.0037069,1.0029852,1.0037726,18,100,25,25,1
"557",5,581,1.0031165,1.0037069,1.0030509,1.0039694,151,100,25,37,1
"558",5,582,1.0031165,1.0037069,1.0030509,1.0039039,126,100,25,25,1
"559",5,583,1.0032477,1.0037069,1.0031165,1.0039694,1,100,36,37,1
"560",5,584,1.0031165,1.0037069,1.0030509,1.0039039,126,100,25,25,1
"561",5,585,1.0032477,1.0037069,1.0031165,1.0039694,1,100,151,37,1
"562",5,586,1.0032477,1.0037069,1.0031165,1.0039694,1,100,251,37,1
"563",5,587,1.0033133,1.0037069,1.0032477,1.0039694,17,100,30,37,1
"564",5,588,1.0035101,1.0037069,1.0033133,1.004035,11,100,6,25,1
"565",5,589,1.0032477,1.0037069,1.0031165,1.004035,28,100,28,25,1
"566",5,590,1.0032477,1.0037069,1.0031165,1.0037726,28,100,233,20,1
"567",5,591,1.0032477,1.0037069,1.003182,1.0037726,28,100,7,20,1
"568",5,592,1.0032477,1.0037069,1.0031165,1.0037726,58,100,234,20,1
"569",5,593,1.0031165,1.0037069,1.0028541,1.0037726,209,100,25,45,1
"570",5,594,1.0026572,1.003379,1.0025916,1.0034446,25,20,36,25,1
"571",5,595,1.0025916,1.003379,1.0024604,1.0035758,61,20,25,25,1
"572",5,596,1.0025916,1.003379,1.0024604,1.0035101,161,20,25,25,1
"573",5,597,1.0025916,1.003379,1.0024604,1.0034446,61,20,25,25,1
"574",5,598,1.0025916,1.0033133,1.0024604,1.003379,36,25,25,20,1
"575",5,599,1.0023948,1.0033133,1.0023291,1.003379,101,25,25,20,1
"576",11,0,1.0016721,1.0020734,1.0016053,1.0021403,25,25,525,45,1
"577",11,1,1.001739,1.0020734,1.0016721,1.0021403,25,25,27,45,1
"578",11,2,1.001739,1.0020734,1.0016721,1.0021403,25,25,25,45,1
"579",11,3,1.001739,1.0020734,1.0016721,1.0021403,28,25,29,45,1
"580",11,4,1.001739,1.0020734,1.0016721,1.0021403,29,25,29,45,1
"581",11,5,1.001739,1.0021403,1.0016721,1.0022072,29,11,29,34,1
"582",11,6,1.001739,1.0021403,1.0016721,1.0022072,229,11,32,34,1
"583",11,7,1.0018728,1.002274,1.0018059,1.002341,25,14,25,44,1
"584",11,8,1.0018728,1.002274,1.0018059,1.002341,25,14,128,44,1
"585",11,9,1.0018728,1.002274,1.0018059,1.002341,27,14,128,44,1
"586",11,10,1.0018728,1.002274,1.0018059,1.002341,3,70,203,69,1
"587",11,11,1.0018728,1.002274,1.0018059,1.002341,6,14,303,69,1
"588",11,12,1.0018728,1.002274,1.0018059,1.002341,6,14,403,69,1
"589",11,13,1.0018728,1.002274,1.0018059,1.002341,4,14,403,44,1
"590",11,14,1.0018728,1.002274,1.0018059,1.002341,4,14,403,44,1
"591",11,15,1.0018728,1.002274,1.0018059,1.002341,4,36,403,70,1
"592",11,17,1.0018728,1.002274,1.0018059,1.002341,4,14,403,170,1
"593",11,20,1.0018728,1.002274,1.0018059,1.002341,4,14,403,136,1
"594",11,21,1.0018728,1.002274,1.0018059,1.002341,4,14,403,170,1
"595",11,22,1.0018728,1.002274,1.0018059,1.002341,4,36,403,136,1
"596",11,23,1.0018728,1.002274,1.0018059,1.002341,4,14,403,136,1
"597",11,24,1.0018728,1.002274,1.0018059,1.002341,29,14,528,145,1
"598",11,25,1.0018728,1.002274,1.0018059,1.002341,29,14,528,144,1
"599",11,26,1.0022072,1.0026085,1.0021403,1.0026754,25,10,25,59,1
"600",11,27,1.0021403,1.0026085,1.0020734,1.0026754,128,42,25,46,1
"601",11,28,1.0022072,1.0026085,1.0021403,1.0026754,25,20,328,51,1
"602",11,29,1.0022072,1.0026085,1.0021403,1.0026754,25,42,328,46,1
"603",11,30,1.0021403,1.0026754,1.0020734,1.0027423,228,159,25,10,1
"604",11,31,1.0021403,1.0026754,1.0020734,1.0027423,228,138,25,10,1
"605",11,33,1.0021403,1.0026754,1.0020734,1.0027423,228,72,25,10,1
"606",11,35,1.0021403,1.0026754,1.0020734,1.0027423,228,94,25,10,1
"607",11,36,1.0021403,1.0026754,1.0020734,1.0027423,228,72,25,10,1
"608",11,37,1.0021403,1.0026085,1.0020065,1.0026754,203,49,25,70,1
"609",11,38,1.0021403,1.0026085,1.0020065,1.0026754,203,27,25,70,1
"610",11,40,1.0021403,1.0026085,1.0020065,1.0026754,303,49,25,70,1
"611",11,41,1.0021403,1.0026085,1.0020734,1.0026754,328,2,25,75,1
"612",11,42,1.0021403,1.0026085,1.0020734,1.0026754,328,2,25,50,1
"613",11,43,1.0021403,1.0026085,1.0020065,1.0026754,303,49,25,50,1
"614",11,44,1.0018728,1.002341,1.001739,1.0024079,110,81,225,25,1
"615",11,45,1.0018728,1.002341,1.001739,1.0024079,110,81,125,25,1
"616",11,46,1.001739,1.0022072,1.0016053,1.002274,100,47,125,25,1
"617",11,47,1.001739,1.002274,1.0016053,1.002341,100,25,125,259,1
"618",11,49,1.001739,1.002274,1.0016053,1.002341,100,25,125,259,1
"619",11,50,1.001739,1.0022072,1.0016053,1.002274,100,25,25,25,1
"620",11,51,1.001739,1.0022072,1.0016053,1.002274,100,47,25,25,1
"621",11,52,1.001739,1.0021403,1.0016053,1.0022072,100,100,25,25,1
"622",11,53,1.001739,1.0021403,1.0016721,1.002341,225,122,25,125,1
"623",11,54,1.001739,1.0021403,1.0016053,1.0022072,100,147,25,25,1
"624",11,55,1.001739,1.0021403,1.0014715,1.0022072,100,122,125,25,1
"625",11,56,1.001739,1.0021403,1.0016053,1.0022072,100,122,25,25,1
"626",11,57,1.001739,1.0021403,1.0016053,1.0022072,100,122,25,25,1
"627",11,58,1.0014715,1.0019397,1.0014046,1.0020065,100,22,25,25,1
"628",11,59,1.0014715,1.0019397,1.0014046,1.0020065,100,22,25,25,1
"629",11,60,1.0014715,1.0018728,1.0013376,1.0019397,102,47,125,25,1
"630",11,62,1.0014715,1.0020734,1.0014046,1.0021403,302,125,25,100,1
"631",11,63,1.0014715,1.0020065,1.0014046,1.0020734,302,36,25,125,1
"632",11,64,1.0014715,1.0018728,1.0014046,1.0020065,302,22,25,61,1
"633",11,67,1.0014715,1.0020065,1.0014046,1.0020734,302,61,25,125,1
"634",11,68,1.0014715,1.0020065,1.0014046,1.0020734,302,86,50,150,1
"635",11,69,1.0014715,1.0018728,1.0014046,1.0020065,302,22,50,36,1
"636",11,70,1.0014715,1.0020065,1.0014046,1.0020734,302,36,50,150,1
"637",11,72,1.0014715,1.0018728,1.0014046,1.0020065,302,1,50,36,1
"638",11,73,1.0014715,1.0018728,1.0014046,1.0020734,302,1,50,186,1
"639",11,78,1.0015384,1.0018728,1.0014715,1.0020734,9,150,302,86,1
"640",11,80,1.0013376,1.0018728,1.0012039,1.0020734,100,200,106,86,1
"641",11,81,1.0013376,1.0018728,1.0012039,1.0020734,100,322,106,86,1
"642",11,82,1.0013376,1.0018728,1.0012039,1.0020734,100,222,106,86,1
"643",11,84,1.0013376,1.0018059,1.0012039,1.0018728,100,124,6,200,1
"644",11,85,1.0013376,1.0018059,1.0012039,1.0018728,100,124,6,199,1
"645",11,86,1.0013376,1.0018059,1.0012039,1.0018728,100,24,6,199,1
"646",11,88,1.0013376,1.0018059,1.0012039,1.0018728,100,124,6,199,1
"647",11,89,1.0013376,1.0018059,1.0012039,1.0018728,100,124,6,149,1
"648",11,90,1.0013376,1.0018059,1.0012039,1.0018728,100,174,6,149,1
"649",11,94,1.0013376,1.0018059,1.0012039,1.0018728,100,202,6,49,1
"650",11,95,1.0013376,1.0018059,1.0012039,1.0018728,100,274,6,49,1
"651",11,96,1.0013376,1.0018059,1.0012039,1.0018728,100,224,6,49,1
"652",11,97,1.0013376,1.0018059,1.0012039,1.0018728,100,202,6,49,1
"653",11,98,1.0013376,1.0018059,1.0012039,1.0018728,100,224,6,49,1
"654",11,99,1.0013376,1.0018059,1.0012039,1.0018728,100,202,6,49,1
"655",11,100,1.0013376,1.0018059,1.0012039,1.0018728,100,224,6,49,1
"656",11,102,1.0013376,1.0018059,1.0012039,1.0018728,100,202,6,49,1
"657",11,105,1.0013376,1.0018059,1.0012039,1.0018728,100,202,6,49,1
"658",11,107,1.0013376,1.0018059,1.0012039,1.0018728,100,224,6,49,1
"659",11,108,1.0013376,1.0018059,1.0012039,1.0018728,100,202,6,49,1
"660",11,109,1.0013376,1.0018059,1.0012039,1.0018728,100,202,6,49,1
"661",11,110,1.0013376,1.0018059,1.0012039,1.0018728,100,224,6,49,1
"662",11,111,1.0013376,1.0018059,1.0012039,1.0020065,100,202,6,100,1
"663",11,112,1.0013376,1.0016053,1.0012039,1.0018059,100,1,6,202,1
"664",11,113,1.0012039,1.0016053,1.0010701,1.0016721,6,1,3,3,1
"665",11,114,1.0012039,1.0016053,1.0010701,1.0016721,6,1,3,103,1
"666",11,116,1.0012039,1.0016053,1.0010701,1.0016721,6,1,3,103,1
"667",11,117,1.0012039,1.0016053,1.0010701,1.0016721,6,1,3,103,1
"668",11,120,1.0012039,1.0016053,1.0010701,1.0016721,6,223,3,103,1
"669",11,121,1.0008026,1.0014046,1.0007358,1.0016053,100,122,50,201,1
"670",11,122,1.0008026,1.001137,1.0007358,1.0014046,100,1,50,100,1
"671",11,124,1.0008026,1.0014046,1.0007358,1.0014715,100,100,50,50,1
"672",11,126,1.0008026,1.0014046,1.0007358,1.0014715,100,200,50,50,1
"673",11,129,1.0008026,1.0014046,1.0007358,1.0014715,100,249,50,50,1
"674",11,133,1.0008026,1.0014046,1.0007358,1.0016053,100,149,50,100,1
"675",11,139,1.0008026,1.0014046,1.0007358,1.0015384,100,149,50,38,1
"676",11,143,1.0008026,1.0014046,1.0007358,1.0015384,100,149,50,138,1
"677",11,146,1.0008695,1.0014046,1.0008026,1.0015384,59,149,100,138,1
"678",11,147,1.0010033,1.0015384,1.0008695,1.0016053,25,138,59,100,1
"679",11,148,1.0010033,1.0015384,1.0008695,1.0016053,25,100,59,100,1
"680",11,149,1.0012039,1.0015384,1.0010033,1.0016053,3,100,25,100,1
"681",11,150,1.0012039,1.0015384,1.001137,1.0016053,3,100,25,100,1
"682",11,151,1.0015384,1.0018728,1.0013376,1.0020065,3,25,25,25,1
"683",11,152,1.0015384,1.0020065,1.0013376,1.0020734,3,25,25,36,1
"684",11,154,1.001137,1.0018059,1.0010033,1.0020065,25,25,25,25,1
"685",11,155,1.001137,1.0018059,1.0010033,1.0020065,25,25,25,25,1
"686",11,156,1.001137,1.0018059,1.0010033,1.0020065,25,26,25,25,1
"687",11,158,1.001137,1.0018059,1.0010033,1.0020065,26,26,25,25,1
"688",11,160,1.001137,1.0018059,1.0010033,1.0020065,26,26,25,25,1
"689",11,161,1.001137,1.0018059,1.0010033,1.0020065,26,1,25,25,1
"690",11,163,1.001137,1.0018059,1.0010033,1.0020065,26,26,25,25,1
"691",11,165,1.001137,1.0018059,1.0010033,1.0020065,26,26,25,25,1
"692",11,169,1.001137,1.0018059,1.0010033,1.0020065,26,126,25,25,1
"693",11,170,1.001137,1.0018059,1.0010033,1.0020065,25,126,25,25,1
"694",11,171,1.0010033,1.0018059,1.0009364,1.0020065,25,126,200,25,1
"695",11,173,1.0010033,1.0018059,1.0009364,1.0020065,28,291,200,25,1
"696",11,174,1.0010033,1.0018059,1.0009364,1.0020065,28,291,200,25,1
"697",11,176,1.0010033,1.0018059,1.0009364,1.0020065,27,226,200,25,1
"698",11,177,1.0010033,1.0018059,1.0009364,1.0020065,27,226,136,25,1
"699",11,178,1.0010033,1.0018059,1.0009364,1.0020065,25,226,136,25,1
"700",11,180,1.0010033,1.0018059,1.0009364,1.0018728,25,226,136,20,1
"701",11,183,1.0010033,1.0018059,1.0009364,1.0018728,26,226,100,20,1
"702",11,187,1.0010033,1.0018059,1.0009364,1.0018728,27,226,136,20,1
"703",11,188,1.0010033,1.0018059,1.0009364,1.0018728,26,226,136,20,1
"704",11,193,1.0010033,1.0018059,1.0009364,1.0018728,26,201,136,45,1
"705",11,194,1.0010033,1.001739,1.0009364,1.0018059,25,25,136,223,1
"706",11,195,1.0010033,1.0014046,1.0009364,1.0014715,25,1,100,20,1
"707",11,201,1.0012039,1.0014715,1.0010033,1.001739,25,20,25,126,1
"708",11,202,1.0010033,1.001739,1.0009364,1.0018059,25,126,100,2,1
"709",11,204,1.0010033,1.001739,1.0009364,1.0018059,25,126,100,16,1
"710",11,205,1.0010033,1.001739,1.0009364,1.0018059,35,126,100,16,1
"711",11,207,1.0010033,1.001739,1.0009364,1.0018059,35,101,100,16,1
"712",11,210,1.0010033,1.001739,1.0009364,1.0018059,35,125,100,16,1
"713",11,211,1.0013376,1.001739,1.001137,1.0018059,25,101,25,16,1
"714",11,212,1.001137,1.001739,1.0010033,1.0018059,25,101,35,41,1
"715",11,213,1.0014046,1.0018059,1.001137,1.0020065,25,22,25,25,1
"716",11,214,1.001137,1.0018059,1.0010033,1.0020065,25,40,25,25,1
"717",11,215,1.001137,1.0018059,1.0010033,1.0018728,25,39,25,1,1
"718",11,217,1.001137,1.0018059,1.0010033,1.0020065,25,39,33,25,1
"719",11,218,1.0010033,1.0018059,1.0009364,1.0020065,33,40,146,25,1
"720",11,219,1.001137,1.0018059,1.0010033,1.0020065,25,40,33,25,1
"721",11,220,1.001137,1.0018059,1.0010033,1.0020065,125,40,33,25,1
"722",11,221,1.001137,1.0018059,1.0010033,1.0020065,125,40,33,25,1
"723",11,222,1.001137,1.0018059,1.0010033,1.0020065,100,40,33,25,1
"724",11,223,1.001137,1.0018059,1.0010033,1.0020065,125,40,33,25,1
"725",11,224,1.001137,1.0018059,1.0010033,1.0020065,110,40,33,25,1
"726",11,225,1.001137,1.0018059,1.0010033,1.0020065,210,40,33,25,1
"727",11,226,1.001137,1.0018059,1.0010033,1.0020065,210,40,8,25,1
"728",11,228,1.001137,1.0018059,1.0010033,1.0020065,210,42,33,25,1
"729",11,229,1.001137,1.0018059,1.0010033,1.0020065,210,42,8,25,1
"730",11,230,1.001137,1.0018059,1.0010033,1.0020065,210,42,8,25,1
"731",11,233,1.001137,1.0018059,1.0010033,1.0020065,210,42,8,25,1
"732",11,234,1.0012039,1.0018059,1.001137,1.0020065,6,40,210,25,1
"733",11,236,1.0012039,1.0018059,1.001137,1.0020065,6,15,235,25,1
"734",11,237,1.0012039,1.0018059,1.001137,1.0020065,6,15,135,25,1
"735",11,238,1.0012039,1.0018059,1.001137,1.0020065,6,15,135,125,1
"736",11,240,1.0012039,1.0018059,1.001137,1.0020065,6,16,135,125,1
"737",11,241,1.0012039,1.0018059,1.001137,1.0018728,6,15,135,1,1
"738",11,243,1.0012039,1.0018059,1.001137,1.0020065,116,15,125,101,1
"739",11,244,1.0012039,1.0018059,1.001137,1.0018728,116,14,125,1,1
"740",11,253,1.0012708,1.0018059,1.0012039,1.0018728,125,14,116,2,1
"741",11,254,1.0012708,1.0018059,1.0012039,1.0018728,125,14,116,26,1
"742",11,255,1.0012708,1.0018059,1.0012039,1.0018728,125,14,116,25,1
"743",11,258,1.0012708,1.0018059,1.0012039,1.0019397,225,14,116,101,1
"744",11,259,1.0012708,1.0018059,1.0012039,1.0019397,335,14,106,101,1
"745",11,260,1.0012708,1.0018059,1.0012039,1.0019397,235,14,106,101,1
"746",11,263,1.0012708,1.0018059,1.0012039,1.0019397,235,14,106,101,1
"747",11,264,1.0012708,1.0018059,1.0012039,1.0019397,235,14,106,126,1
"748",11,265,1.0012708,1.0018059,1.0012039,1.0019397,235,14,100,101,1
"749",11,266,1.0012708,1.0018059,1.0012039,1.0019397,235,14,100,126,1
"750",11,267,1.0012708,1.0018059,1.0012039,1.0019397,235,13,100,101,1
"751",11,269,1.0014046,1.0018059,1.0013376,1.0019397,25,13,14,101,1
"752",11,270,1.0014046,1.0018059,1.0013376,1.0020065,125,13,14,100,1
"753",11,271,1.0014046,1.0020065,1.0012708,1.0022072,125,126,235,62,1
"754",11,272,1.0015384,1.0020065,1.0014046,1.0022072,25,100,125,62,1
"755",11,273,1.0016721,1.0020065,1.0015384,1.0022072,25,82,25,37,1
"756",11,274,1.0016721,1.0020065,1.0015384,1.0020734,25,82,25,1,1
"757",11,276,1.0016721,1.0020065,1.0015384,1.0020734,35,82,25,1,1
"758",11,277,1.0016721,1.0020065,1.0016053,1.0020734,25,82,10,1,1
"759",11,279,1.0016053,1.0020065,1.0015384,1.0020734,35,82,25,1,1
"760",11,280,1.0016053,1.0018728,1.0015384,1.0020065,35,1,25,82,1
"761",11,282,1.0016053,1.0018728,1.0015384,1.0020065,135,1,25,82,1
"762",11,285,1.0016053,1.0018728,1.0015384,1.0020065,110,1,25,82,1
"763",11,286,1.0016053,1.0018728,1.0015384,1.0020065,135,1,25,82,1
"764",11,287,1.0016053,1.0018728,1.0015384,1.0020065,110,1,25,82,1
"765",11,288,1.0016053,1.0018728,1.0015384,1.0020065,110,1,25,82,1
"766",11,289,1.0016053,1.0018728,1.0015384,1.0020065,110,1,25,82,1
"767",11,290,1.0016053,1.0018728,1.0015384,1.0020065,110,1,25,82,1
"768",11,292,1.0016053,1.0018728,1.0015384,1.0020065,110,1,25,82,1
"769",11,293,1.0016053,1.0018728,1.0014046,1.0020065,110,1,125,82,1
"770",11,299,1.0016053,1.0018728,1.0014046,1.0019397,110,1,125,25,1
"771",11,300,1.0016053,1.0018728,1.0014046,1.0020065,17,101,125,208,1
"772",11,301,1.0016053,1.0018728,1.0014715,1.0020065,17,98,25,208,1
"773",11,302,1.0016053,1.0018728,1.0014046,1.0020065,17,98,125,208,1
"774",11,303,1.0016053,1.0018728,1.0014046,1.0020065,17,98,125,208,1
"775",11,304,1.0016053,1.0018728,1.0014046,1.0020065,17,98,129,208,1
"776",11,305,1.0016053,1.0020065,1.0014046,1.0020734,17,208,29,128,1
"777",11,306,1.0016053,1.0020065,1.0014046,1.0020734,17,208,129,128,1
"778",11,310,1.0016053,1.0020065,1.0014715,1.0020734,121,183,25,100,1
"779",11,311,1.0016053,1.0020065,1.0014715,1.0020734,121,183,25,100,1
"780",11,312,1.0016053,1.0020065,1.0014046,1.0020734,121,208,125,125,1
"781",11,313,1.0014046,1.0018728,1.0012708,1.0019397,200,25,125,125,1
"782",11,314,1.0014046,1.0018728,1.0012708,1.0019397,200,25,125,126,1
"783",11,317,1.0014046,1.0018728,1.0012708,1.0019397,200,25,25,126,1
"784",11,319,1.0014046,1.0018728,1.0012708,1.0019397,200,25,25,125,1
"785",11,320,1.0014046,1.0019397,1.0013376,1.0020065,200,26,25,397,1
"786",11,321,1.0014046,1.0018728,1.0013376,1.0019397,200,25,25,26,1
"787",11,323,1.0014046,1.0018728,1.0013376,1.0019397,200,25,25,26,1
"788",11,324,1.0014046,1.0018728,1.0012708,1.0019397,200,26,25,26,1
"789",11,325,1.0014046,1.0018059,1.0012708,1.0018728,200,25,25,26,1
"790",11,326,1.0014046,1.0018728,1.0012708,1.0019397,200,26,25,25,1
"791",11,327,1.0014046,1.0018059,1.0012708,1.0018728,200,26,25,25,1
"792",11,328,1.0014046,1.0018059,1.0012708,1.0018728,200,1,25,25,1
"793",11,329,1.0014046,1.0018059,1.0012708,1.0018728,200,27,25,25,1
"794",11,330,1.0014046,1.0018059,1.0012708,1.0018728,200,27,25,25,1
"795",11,331,1.0014046,1.0018059,1.0012708,1.0018728,200,27,25,25,1
"796",11,332,1.0014046,1.001739,1.0012039,1.0018059,200,25,125,127,1
"797",11,333,1.0010033,1.0013376,1.0009364,1.0015384,101,100,125,25,1
"798",11,334,1.0010033,1.0013376,1.0009364,1.0015384,101,100,25,25,1
"799",11,335,1.0010033,1.0013376,1.0008695,1.0015384,101,100,125,25,1
"800",11,336,1.001137,1.0015384,1.0010701,1.0016721,25,1,25,125,1
"801",11,344,1.001137,1.0015384,1.0010701,1.0016721,25,1,25,100,1
"802",11,346,1.0013376,1.0018728,1.001137,1.0019397,25,100,25,216,1
"803",11,347,1.0013376,1.0018728,1.0012708,1.0019397,25,100,100,216,1
"804",11,350,1.0012708,1.0018728,1.001137,1.0019397,125,100,125,216,1
"805",11,352,1.0014046,1.0018728,1.0012708,1.0019397,25,100,25,1,1
"806",11,354,1.0014046,1.0018728,1.0012708,1.0019397,25,100,25,26,1
"807",11,359,1.0014046,1.0018728,1.0012708,1.0019397,25,101,25,26,1
"808",11,360,1.0014046,1.0018728,1.0012708,1.0019397,25,101,25,1,1
"809",11,365,1.0014046,1.0018728,1.0012708,1.0019397,27,101,25,1,1
"810",11,368,1.0014046,1.0018728,1.0012708,1.0019397,27,101,25,1,1
"811",11,371,1.0014046,1.0018728,1.0012708,1.0020065,27,101,25,191,1
"812",11,372,1.0014046,1.0018728,1.0012708,1.0020065,27,101,25,216,1
"813",11,375,1.0014046,1.0018728,1.0012708,1.0020065,27,101,25,191,1
"814",11,378,1.0014046,1.0018728,1.0013376,1.0020065,27,101,37,191,1
"815",11,380,1.0014046,1.0018728,1.0013376,1.0020065,27,92,37,190,1
"816",11,381,1.0014046,1.0018728,1.0013376,1.0020065,27,91,37,191,1
"817",11,384,1.0014715,1.0018728,1.0014046,1.0020065,10,91,25,101,1
"818",11,386,1.0014715,1.0018728,1.0014046,1.0020065,110,91,25,101,1
"819",11,389,1.0016721,1.0020065,1.0016053,1.0020734,2,101,25,3,1
"820",11,390,1.0014715,1.0019397,1.0014046,1.0020065,102,2,25,178,1
"821",11,391,1.0015384,1.0019397,1.0014715,1.0020065,27,2,106,178,1
"822",11,392,1.0015384,1.0019397,1.0014715,1.0020065,33,2,100,178,1
"823",11,393,1.001739,1.0019397,1.0015384,1.0020065,2,3,25,178,1
"824",11,395,1.001739,1.0019397,1.0015384,1.0020065,2,3,50,178,1
"825",11,396,1.0020734,1.0024079,1.0018728,1.0024748,2,11,150,60,1
"826",11,397,1.0020734,1.0024079,1.0018728,1.0024748,2,10,150,60,1
"827",11,398,1.0020734,1.0024079,1.0018728,1.0024748,2,10,150,60,1
"828",11,399,1.0020734,1.002274,1.0018728,1.0024079,2,100,50,10,1
"829",11,401,1.0020734,1.002274,1.001739,1.0024079,2,100,100,10,1
"830",11,402,1.0020734,1.002274,1.0018728,1.0024079,2,200,50,10,1
"831",11,403,1.0020734,1.002274,1.001739,1.0024079,2,200,100,10,1
"832",11,404,1.0020734,1.002274,1.0018728,1.0024079,2,200,50,10,1
"833",11,409,1.0020734,1.002274,1.0018728,1.0024079,2,200,50,10,1
"834",11,410,1.0020734,1.002274,1.0018728,1.0024079,2,100,50,10,1
"835",11,418,1.001739,1.002274,1.0016053,1.0024079,100,100,101,10,1
"836",11,420,1.0018728,1.002274,1.001739,1.002341,34,100,100,20,1
"837",11,421,1.001739,1.002274,1.0016053,1.002341,100,100,101,20,1
"838",11,422,1.001739,1.002274,1.0016053,1.0024079,100,120,101,10,1
"839",11,423,1.0018059,1.002274,1.001739,1.0024079,84,120,100,10,1
"840",11,426,1.0019397,1.002274,1.0018059,1.0024079,3,120,50,10,1
"841",11,427,1.0019397,1.002274,1.0018059,1.0024079,203,120,50,10,1
"842",11,428,1.0021403,1.0024079,1.0019397,1.0024748,3,10,200,10,1
"843",11,429,1.0020065,1.0024079,1.0019397,1.0024748,3,110,200,45,1
"844",11,430,1.0020734,1.0024079,1.0019397,1.0024748,53,110,200,10,1
"845",11,432,1.0020734,1.0024079,1.0020065,1.0024748,3,110,50,10,1
"846",11,433,1.0020734,1.0024079,1.0019397,1.0024748,3,110,200,10,1
"847",11,434,1.0020734,1.0024079,1.0020065,1.0024748,103,104,50,10,1
"848",11,435,1.0020734,1.0024079,1.0020065,1.0024748,103,4,50,10,1
"849",11,436,1.0020734,1.0024748,1.0020065,1.0026085,353,10,50,111,1
"850",11,437,1.0021403,1.0026085,1.0020734,1.0026754,3,111,350,29,1
"851",11,438,1.0022072,1.0026085,1.0020734,1.0026754,53,111,349,29,1
"852",11,439,1.0022072,1.0026085,1.0020734,1.0026754,196,111,200,29,1
"853",11,440,1.0024079,1.0027423,1.0022072,1.0028092,3,10,393,1,1
"854",11,443,1.0024079,1.0027423,1.0022072,1.0028092,3,10,250,1,1
"855",11,444,1.0024079,1.0027423,1.0022072,1.0028092,7,10,250,1,1
"856",11,445,1.0024079,1.0028092,1.0022072,1.002876,7,1,250,10,1
"857",11,449,1.0024079,1.002876,1.0022072,1.0029429,10,10,250,95,1
"858",11,451,1.0024079,1.002876,1.0022072,1.0029429,10,10,250,60,1
"859",11,452,1.0024079,1.002876,1.0022072,1.0029429,7,10,250,95,1
"860",11,453,1.0022072,1.0027423,1.0021403,1.0028092,200,46,100,309,1
"861",11,454,1.0022072,1.0027423,1.0021403,1.0028092,200,46,100,409,1
"862",11,455,1.0022072,1.0027423,1.0021403,1.0028092,200,134,100,409,1
"863",11,456,1.0022072,1.0027423,1.0018728,1.0028092,200,134,38,409,1
"864",11,458,1.0018059,1.002341,1.0016721,1.0026085,50,184,9,84,1
"865",11,459,1.0018059,1.002341,1.0016721,1.0026085,50,151,9,50,1
"866",11,460,1.0018728,1.002341,1.0016721,1.0026085,1,286,9,50,1
"867",11,461,1.0018059,1.002341,1.0016721,1.0026085,50,286,9,50,1
"868",11,462,1.0018059,1.002341,1.0016721,1.0026085,50,286,9,50,1
"869",11,463,1.0016721,1.002274,1.0016053,1.002341,9,36,200,286,1
"870",11,464,1.0016721,1.002274,1.0016053,1.002341,9,2,200,286,1
"871",11,467,1.0016721,1.002274,1.0016053,1.002341,9,7,200,286,1
"872",11,469,1.0016721,1.002274,1.0016053,1.002341,9,2,200,286,1
"873",11,471,1.0016721,1.002274,1.0016053,1.002341,9,7,200,286,1
"874",11,472,1.0016721,1.0022072,1.0016053,1.002274,6,34,100,2,1
"875",11,473,1.001739,1.0022072,1.0016721,1.002274,1,134,6,2,1
"876",11,474,1.0016721,1.0022072,1.0016053,1.002274,6,134,100,2,1
"877",11,477,1.0016721,1.0022072,1.0016053,1.002274,6,134,150,2,1
"878",11,478,1.0016721,1.0022072,1.0016053,1.002274,6,134,150,2,1
"879",11,479,1.0016721,1.0022072,1.0015384,1.002274,6,134,62,2,1
"880",11,480,1.0016721,1.0022072,1.0015384,1.002274,6,134,12,2,1
"881",11,482,1.0016721,1.0020734,1.0015384,1.0022072,6,150,12,34,1
"882",11,483,1.0015384,1.0019397,1.0012708,1.0020065,12,3,50,100,1
"883",11,484,1.0015384,1.0019397,1.0013376,1.0020065,12,3,37,100,1
"884",11,485,1.0015384,1.0019397,1.0013376,1.0020065,12,103,37,100,1
"885",11,487,1.0015384,1.0019397,1.0013376,1.0020065,62,103,37,100,1
"886",11,489,1.0015384,1.0019397,1.0013376,1.0020065,12,103,37,100,1
"887",11,490,1.0015384,1.0019397,1.0013376,1.0020065,12,103,37,100,1
"888",11,491,1.0015384,1.0019397,1.0013376,1.0020065,62,103,37,100,1
"889",11,492,1.0015384,1.0019397,1.0013376,1.0020065,63,103,37,100,1
"890",11,494,1.0015384,1.0019397,1.0013376,1.0020065,13,103,37,100,1
"891",11,495,1.0015384,1.0019397,1.0013376,1.0020065,62,103,37,100,1
"892",11,498,1.0015384,1.0019397,1.0013376,1.0020065,63,102,37,100,1
"893",11,500,1.0015384,1.002341,1.0013376,1.0024079,63,51,37,100,1
"894",11,503,1.0015384,1.002274,1.0013376,1.002341,63,100,37,51,1
"895",11,508,1.0015384,1.002274,1.0013376,1.002341,63,100,37,51,1
"896",11,511,1.0015384,1.002274,1.0013376,1.002341,63,100,37,51,1
"897",11,515,1.0015384,1.0020065,1.0012708,1.002274,12,3,50,100,1
"898",11,516,1.0015384,1.0020065,1.0013376,1.002341,63,3,37,51,1
"899",11,517,1.0015384,1.0020065,1.0013376,1.0021403,38,3,37,25,1
"900",11,519,1.001739,1.002341,1.0015384,1.0024748,25,26,38,62,1
"901",11,520,1.001739,1.002341,1.0015384,1.0024748,25,26,37,62,1
"902",11,521,1.001739,1.002341,1.0015384,1.0024748,25,26,37,162,1
"903",11,522,1.0015384,1.0022072,1.0013376,1.002341,37,25,37,26,1
"904",11,526,1.0015384,1.0022072,1.0014715,1.002341,12,25,25,26,1
"905",11,527,1.0016053,1.0022072,1.0015384,1.002341,59,215,12,26,1
"906",11,528,1.0016053,1.0022072,1.0015384,1.002341,34,215,12,26,1
"907",11,530,1.0015384,1.0021403,1.0014715,1.0022072,12,3,25,215,1
"908",11,531,1.0015384,1.0021403,1.0014715,1.0022072,13,3,25,215,1
"909",11,534,1.0015384,1.0021403,1.0014715,1.0022072,13,103,25,215,1
"910",11,535,1.0015384,1.0021403,1.0014715,1.0022072,13,203,25,215,1
"911",11,536,1.0015384,1.0021403,1.0014715,1.0022072,12,203,25,215,1
"912",11,537,1.0015384,1.0021403,1.0014715,1.0022072,12,204,25,215,1
"913",11,538,1.0015384,1.0021403,1.0014715,1.0022072,13,204,25,215,1
"914",11,543,1.0015384,1.0021403,1.0014046,1.0022072,13,304,29,215,1
"915",11,545,1.0015384,1.0021403,1.0014046,1.0022072,38,304,29,215,1
"916",11,550,1.0015384,1.0021403,1.0014046,1.0022072,38,304,29,215,1
"917",11,551,1.0015384,1.0021403,1.0014046,1.0022072,13,304,29,215,1
"918",11,553,1.0015384,1.0021403,1.0014046,1.0022072,38,304,29,215,1
"919",11,555,1.0015384,1.0021403,1.0014046,1.0022072,38,304,29,215,1
"920",11,556,1.0015384,1.0021403,1.0014046,1.0022072,38,305,29,215,1
"921",11,560,1.0015384,1.0021403,1.0014046,1.0022072,13,305,29,215,1
"922",11,561,1.0015384,1.0021403,1.0014046,1.0022072,38,305,29,215,1
"923",11,564,1.0015384,1.0021403,1.0014046,1.0022072,38,305,29,215,1
"924",11,565,1.0015384,1.0020734,1.0014046,1.0021403,38,35,29,304,1
"925",11,566,1.0016053,1.0020734,1.0015384,1.0021403,25,10,139,204,1
"926",11,567,1.0015384,1.0020734,1.0014046,1.0021403,38,36,129,203,1
"927",11,568,1.0015384,1.0020734,1.0014046,1.0021403,13,137,129,203,1
"928",11,569,1.0015384,1.0020065,1.0014046,1.0020734,38,10,129,127,1
"929",11,570,1.0015384,1.0020065,1.0014046,1.0020734,39,10,129,127,1
"930",11,572,1.0015384,1.0020065,1.0014046,1.0020734,39,12,129,25,1
"931",11,573,1.0015384,1.0020065,1.0014046,1.0020734,13,137,129,25,1
"932",11,574,1.0015384,1.0020065,1.0014715,1.0020734,33,12,3,25,1
"933",11,575,1.0016053,1.0020065,1.0015384,1.0021403,25,12,33,103,1
"934",11,576,1.0016053,1.0020065,1.0015384,1.0021403,25,13,33,103,1
"935",11,577,1.0016053,1.0020065,1.0015384,1.0021403,25,13,33,103,1
"936",11,579,1.0016053,1.0020065,1.0015384,1.0021403,25,12,33,104,1
"937",11,580,1.0016053,1.0020065,1.0015384,1.0021403,25,12,33,104,1
"938",11,581,1.0015384,1.0020065,1.0014715,1.0020734,8,37,3,25,1
"939",11,592,1.0015384,1.0020065,1.0014715,1.0020734,34,12,3,25,1
"940",11,593,1.0015384,1.0020734,1.0014715,1.0021403,34,25,3,204,1
"941",11,594,1.0016053,1.0020734,1.0015384,1.0021403,25,25,34,204,1
"942",11,595,1.0016053,1.0021403,1.0015384,1.0022072,34,204,33,25,1
"943",11,596,1.0016053,1.0021403,1.0015384,1.0022072,33,489,33,25,1
"944",11,597,1.0016053,1.0021403,1.0015384,1.0022072,8,389,33,25,1
"945",11,598,1.0019397,1.0024748,1.0016721,1.0025417,1,315,125,32,1
"946",16,0,0.99957097,0.9999523,0.9994756,1.0000477,200,225,100,200,1
"947",16,1,0.99957097,0.9999523,0.9994756,1.0000477,100,225,100,200,1
"948",16,3,0.99957097,0.9999523,0.9994756,1.0000477,200,225,100,200,1
"949",16,5,0.99957097,0.9999523,0.9994756,1.0000477,200,225,100,200,1
"950",16,6,0.9996663,0.9999523,0.99957097,1.0000477,100,225,200,200,1
"951",16,7,0.99957097,0.9999523,0.9994756,1.0000477,200,225,100,200,1
"952",16,8,0.9996663,0.9999523,0.99957097,1.0000477,100,225,200,200,1
"953",16,9,0.99957097,0.9999523,0.9994756,1.0000477,200,225,100,200,1
"954",16,10,0.9996663,0.9999523,0.99957097,1.0000477,200,225,200,200,1
"955",16,12,0.9996663,0.9999523,0.99957097,1.0000477,100,225,200,200,1
"956",16,14,0.9993803,0.9994756,0.9992849,0.9996663,100,100,100,125,1
"957",16,16,0.9993803,0.9996663,0.9992849,0.99976164,200,5,100,125,1
"958",16,18,0.99957097,0.9999523,0.9994756,1.000143,100,225,225,225,1
"959",16,19,0.99957097,0.9999523,0.9994756,1.000143,100,225,225,277,1
"960",16,21,0.99957097,0.9999523,0.9994756,1.0000477,100,225,225,100,1
"961",16,23,0.99957097,0.9999523,0.9993803,1.0000477,100,225,200,100,1
"962",16,25,0.9993803,0.99976164,0.9992849,0.999857,100,135,100,200,1
"963",16,26,0.9993803,0.99976164,0.9992849,0.999857,200,225,100,200,1
"964",16,27,0.9993803,0.99976164,0.9991896,0.999857,200,225,200,200,1
"965",16,28,0.9993803,0.99976164,0.9991896,0.999857,100,225,200,200,1
"966",16,29,0.9993803,0.99976164,0.9991896,0.999857,200,225,200,100,1
"967",16,31,0.9993803,0.99976164,0.9991896,0.999857,100,225,200,200,1
"968",16,36,0.9993803,0.99957097,0.9991896,0.99976164,100,125,200,225,1
"969",16,37,0.9993803,0.99976164,0.9991896,0.999857,100,225,200,200,1
"970",16,41,0.99976164,1.000143,0.9996663,1.0002383,100,125,125,200,1
"971",16,42,0.9999523,1.0002383,0.999857,1.0003337,100,100,125,125,1
"972",16,43,1.0000477,1.0002383,0.9999523,1.0003337,125,100,100,145,1
"973",16,44,0.9999523,1.0002383,0.999857,1.0003337,200,200,125,20,1
"974",16,45,0.999857,1.000143,0.99976164,1.0002383,125,125,100,220,1
"975",16,47,0.999857,1.000143,0.99976164,1.0002383,125,125,100,120,1
"976",16,48,0.999857,1.000143,0.99976164,1.0002383,225,125,100,120,1
"977",16,50,0.9996663,0.9999523,0.9994756,1.0000477,100,425,125,220,1
"978",16,51,0.9996663,0.9999523,0.99957097,1.0000477,100,225,100,120,1
"979",16,52,0.9996663,0.9999523,0.99957097,1.0000477,100,225,100,120,1
"980",16,53,0.9996663,0.9999523,0.99957097,1.0000477,100,100,100,120,1
"981",16,54,0.9996663,0.9999523,0.99957097,1.0000477,100,100,100,120,1
"982",16,56,0.9996663,0.9999523,0.99957097,1.0000477,100,200,100,120,1
"983",16,57,0.9996663,0.9999523,0.99957097,1.0000477,100,100,100,120,1
"984",16,58,0.9996663,0.9999523,0.99957097,1.0000477,100,100,100,120,1
"985",16,59,0.99976164,0.9999523,0.9996663,1.0000477,125,100,100,120,1
"986",16,61,0.9996663,0.9999523,0.99957097,1.0000477,100,120,100,100,1
"987",16,62,0.9996663,0.9999523,0.9994756,1.0000477,89,220,125,200,1
"988",16,63,0.9996663,0.999857,0.9994756,0.9999523,100,100,125,220,1
"989",16,64,0.9994756,0.999857,0.9993803,0.9999523,125,100,200,220,1
"990",16,65,0.9994756,0.999857,0.9993803,0.9999523,125,200,200,120,1
"991",16,66,0.9996663,0.999857,0.9994756,0.9999523,100,200,125,120,1
"992",16,67,0.99976164,0.9999523,0.9996663,1.0000477,125,20,110,100,1
"993",16,68,0.99976164,0.9999523,0.9996663,1.0000477,125,20,100,100,1
"994",16,71,0.99976164,1.000143,0.99957097,1.0002383,125,125,100,100,1
"995",16,74,0.99976164,1.000143,0.99957097,1.0002383,125,125,100,200,1
"996",16,75,0.99976164,1.000143,0.99957097,1.0002383,125,125,100,200,1
"997",16,76,0.99976164,1.000143,0.99957097,1.0002383,125,130,100,200,1
"998",16,78,0.99976164,1.000143,0.99957097,1.0002383,225,5,100,100,1
"999",16,81,0.99976164,1.000143,0.9996663,1.0002383,225,5,49,112,1
"1000",16,84,0.99976164,1.000143,0.9996663,1.0002383,225,5,49,212,1
"1001",16,86,0.9999523,1.0005244,0.999857,1.0006198,225,125,48,100,1
"1002",16,87,0.9999523,1.000429,0.99976164,1.0005244,225,100,225,325,1
"1003",16,88,0.9999523,1.000429,0.99976164,1.0005244,225,100,225,125,1
"1004",16,89,0.9999523,1.0003337,0.99976164,1.000429,225,225,225,200,1
"1005",16,90,0.9999523,1.0003337,0.99976164,1.000429,225,125,225,200,1
"1006",16,91,0.9999523,1.0003337,0.99976164,1.000429,125,225,225,100,1
"1007",16,92,0.99976164,1.000143,0.99957097,1.0002383,125,225,100,200,1
"1008",16,93,1.0000477,1.0003337,0.9999523,1.000429,125,100,100,100,1
"1009",16,94,0.99976164,1.000143,0.9996663,1.0002383,125,200,49,125,1
"1010",16,95,0.99976164,0.9999523,0.9996663,1.0000477,100,200,125,125,1
"1011",16,96,0.9996663,1.0000477,0.99957097,1.000143,125,125,100,100,1
"1012",16,97,0.999857,1.0000477,0.99976164,1.000143,125,100,100,100,1
"1013",16,98,0.999857,1.0000477,0.9996663,1.0002383,100,100,125,225,1
"1014",16,102,0.999857,1.0000477,0.9996663,1.0002383,100,100,225,225,1
"1015",16,104,0.9996663,1.0000477,0.99957097,1.0002383,225,100,100,225,1
"1016",16,114,0.99976164,1.0000477,0.9996663,1.0002383,100,100,225,225,1
"1017",16,115,0.9996663,1.0000477,0.99957097,1.0002383,225,100,100,225,1
"1018",16,120,0.99976164,1.0000477,0.9996663,1.0002383,100,100,225,225,1
"1019",16,122,0.9996663,1.0000477,0.99957097,1.0002383,225,100,100,125,1
"1020",16,123,0.9996663,1.0000477,0.99957097,1.0002383,225,100,100,225,1
"1021",16,133,0.999857,1.0000477,0.9996663,1.0002383,100,100,225,225,1
"1022",16,134,0.9996663,1.0000477,0.9994756,1.0002383,225,200,150,225,1
"1023",16,135,0.99976164,0.999857,0.9996663,0.9999523,100,100,100,125,1
"1024",16,136,0.999857,1.0000477,0.99976164,1.0002383,100,100,100,225,1
"1025",16,141,0.9999523,1.0002383,0.99976164,1.000429,100,125,200,100,1
"1026",16,142,0.9999523,1.0002383,0.999857,1.000429,100,125,100,100,1
"1027",16,143,0.9999523,1.000143,0.999857,1.0002383,100,100,100,125,1
"1028",16,144,0.99976164,1.0000477,0.9996663,1.0002383,100,125,200,225,1
"1029",16,145,0.999857,1.0000477,0.99976164,1.0002383,100,125,100,225,1
"1030",16,147,0.999857,1.0000477,0.99976164,1.0002383,100,125,100,225,1
"1031",16,148,0.999857,1.000143,0.99976164,1.0002383,100,100,100,225,1
"1032",16,149,0.999857,1.0002383,0.99976164,1.000429,100,125,200,100,1
"1033",16,150,0.9999523,1.0005244,0.999857,1.0006198,425,125,100,100,1
"1034",16,154,0.9999523,1.0006198,0.999857,1.0008104,425,100,100,100,1
"1035",16,155,0.9999523,1.0005244,0.999857,1.0006198,425,125,200,100,1
"1036",16,162,0.9999523,1.0005244,0.999857,1.000715,425,125,200,51,1
"1037",16,163,0.9999523,1.0006198,0.999857,1.0008104,425,30,200,100,1
"1038",16,164,0.9999523,1.0006198,0.999857,1.000715,425,130,200,51,1
"1039",16,165,0.9999523,1.0006198,0.999857,1.000715,425,130,200,51,1
"1040",16,167,0.9999523,1.0005244,0.999857,1.0006198,225,167,200,120,1
"1041",16,169,0.9999523,1.0005244,0.999857,1.0006198,225,167,200,20,1
"1042",16,170,0.9999523,1.0005244,0.999857,1.0006198,225,167,200,20,1
"1043",16,172,0.9999523,1.000429,0.999857,1.0005244,225,5,200,145,1
"1044",16,174,0.9999523,1.0005244,0.999857,1.0006198,225,20,200,110,1
"1045",16,175,0.9999523,1.0005244,0.999857,1.0006198,225,20,200,10,1
"1046",16,176,0.9999523,1.0005244,0.999857,1.0006198,260,20,200,110,1
"1047",16,178,0.9999523,1.0005244,0.999857,1.0006198,260,20,200,111,1
"1048",16,180,0.9999523,1.0005244,0.999857,1.0006198,260,20,200,111,1
"1049",16,182,0.9999523,1.0005244,0.999857,1.0006198,260,20,200,111,1
"1050",16,185,0.9999523,1.0005244,0.999857,1.0006198,260,20,100,111,1
"1051",16,188,0.9999523,1.0005244,0.999857,1.0006198,260,20,100,211,1
"1052",16,189,0.9999523,1.0005244,0.999857,1.0006198,260,20,100,111,1
"1053",16,191,0.9999523,1.0005244,0.999857,1.0006198,260,20,100,211,1
"1054",16,192,0.9999523,1.0003337,0.999857,1.000429,160,145,100,205,1
"1055",16,193,0.9999523,1.0003337,0.999857,1.000429,260,20,100,105,1
"1056",16,196,1.000143,1.0006198,1.0000477,1.0008104,225,126,300,100,1
"1057",16,197,1.000143,1.0003337,1.0000477,1.0006198,125,105,200,201,1
"1058",16,198,1.000143,1.0003337,1.0000477,1.0006198,125,5,200,201,1
"1059",16,199,1.000143,1.0003337,0.9999523,1.0006198,125,5,425,201,1
"1060",16,200,1.0003337,1.0006198,1.0002383,1.0008104,100,101,125,100,1
"1061",16,202,1.0003337,1.0006198,1.0002383,1.0008104,200,101,125,100,1
"1062",16,203,1.0003337,1.0006198,1.0002383,1.0008104,200,101,125,100,1
"1063",16,204,1.0003337,1.0006198,1.0002383,1.0008104,100,101,125,100,1
"1064",16,206,1.0003337,1.0006198,1.0002383,1.0008104,135,101,125,100,1
"1065",16,212,1.0003337,1.0005244,1.000143,1.0006198,135,130,225,101,1
"1066",16,214,1.0003337,1.0006198,1.0002383,1.000715,135,121,200,100,1
"1067",16,215,1.000429,1.0006198,1.0003337,1.0008104,100,121,35,100,1
"1068",16,219,1.000429,1.0006198,1.0003337,1.0008104,100,121,135,100,1
"1069",16,221,1.000429,1.0005244,1.0003337,1.0006198,200,5,100,201,1
"1070",16,222,1.000429,1.0006198,1.0003337,1.0008104,100,116,100,100,1
"1071",16,224,1.000429,1.0006198,1.0003337,1.0008104,100,216,100,100,1
"1072",16,225,1.000429,1.0006198,1.0003337,1.000715,100,216,100,100,1
"1073",16,226,1.000429,1.0006198,1.0003337,1.000715,100,116,100,100,1
"1074",16,227,1.000429,1.0006198,1.0003337,1.000715,100,216,100,100,1
"1075",16,229,1.000429,1.0006198,1.0003337,1.000715,100,116,100,100,1
"1076",16,230,1.000429,1.0006198,1.0003337,1.000715,100,116,100,100,1
"1077",16,234,1.000429,1.0005244,1.0003337,1.0006198,100,5,100,201,1
"1078",16,235,1.000429,1.0005244,1.0003337,1.0006198,100,110,100,201,1
"1079",16,238,1.000429,1.0005244,1.0003337,1.0006198,100,110,200,201,1
"1080",16,241,1.000715,1.0009058,1.0006198,1.0010011,125,1,100,390,1
"1081",16,245,1.000715,1.0009058,1.0005244,1.0010011,125,1,125,390,1
"1082",16,251,1.000715,1.0010011,1.0005244,1.0010965,125,290,425,51,1
"1083",16,252,1.000715,1.0010011,1.0005244,1.0010965,125,390,325,51,1
"1084",16,257,1.000715,1.0010011,1.0005244,1.0010965,125,390,325,51,1
"1085",16,258,1.000715,1.0010011,1.0005244,1.0010965,125,290,325,51,1
"1086",16,263,1.000715,1.0010011,1.0005244,1.0010965,125,390,325,51,1
"1087",16,267,1.0009058,1.0011917,1.0008104,1.0012871,370,1,100,1,1
"1088",16,270,1.0010965,1.0012871,1.0010011,1.0013825,225,1,100,5,1
"1089",16,271,1.0012871,1.0014778,1.0011917,1.0015732,225,1,100,106,1
"1090",16,272,1.0012871,1.0014778,1.0011917,1.0015732,225,1,100,1,1
"1091",16,273,1.0012871,1.0014778,1.0011917,1.0015732,100,1,100,101,1
"1092",16,275,1.0012871,1.0014778,1.0011917,1.0015732,100,1,100,1,1
"1093",16,276,1.0013825,1.0014778,1.0012871,1.0015732,125,1,100,106,1
"1094",16,277,1.0012871,1.0014778,1.0011917,1.0015732,100,1,200,106,1
"1095",16,280,1.0012871,1.0014778,1.0011917,1.0015732,100,1,100,106,1
"1096",16,282,1.0012871,1.0013825,1.0011917,1.0014778,125,105,100,103,1
"1097",16,283,1.0011917,1.0013825,1.0010965,1.0014778,100,225,100,128,1
"1098",16,284,1.0011917,1.0013825,1.0010965,1.0014778,100,200,100,128,1
"1099",16,286,1.0011917,1.0013825,1.0010965,1.0014778,200,200,100,128,1
"1100",16,289,1.0011917,1.0013825,1.0010965,1.0014778,200,201,100,128,1
"1101",16,290,1.0010965,1.0012871,1.0010011,1.0013825,100,125,200,221,1
"1102",16,291,1.0010965,1.0012871,1.0010011,1.0013825,100,135,200,221,1
"1103",16,295,1.0011917,1.0012871,1.0010965,1.0013825,100,116,100,121,1
"1104",16,296,1.0011917,1.0012871,1.0010965,1.0013825,100,116,100,221,1
"1105",16,297,1.0011917,1.0012871,1.0010965,1.0013825,200,116,100,121,1
"1106",16,298,1.0011917,1.0012871,1.0010965,1.0013825,200,116,100,221,1
"1107",16,299,1.0012871,1.0014778,1.0011917,1.0015732,125,1,100,211,1
"1108",16,303,1.0012871,1.0014778,1.0011917,1.0015732,125,1,100,214,1
"1109",16,308,1.0012871,1.0014778,1.0011917,1.0015732,225,1,100,211,1
"1110",16,309,1.0012871,1.0014778,1.0011917,1.0015732,225,1,100,212,1
"1111",16,310,1.0014778,1.0016685,1.0013825,1.0017638,125,101,100,108,1
"1112",16,311,1.0010965,1.0012871,1.0009058,1.0013825,300,230,225,200,1
"1113",16,312,1.0010965,1.0013825,1.0010011,1.0014778,300,10,100,100,1
"1114",16,314,1.0012871,1.0015732,1.0011917,1.0016685,125,144,100,1,1
"1115",16,316,1.0012871,1.0015732,1.0011917,1.0016685,125,154,200,1,1
"1116",16,317,1.0015732,1.0018592,1.0014778,1.0019546,200,132,125,100,1
"1117",16,318,1.0016685,1.0020499,1.0015732,1.0021452,125,326,100,101,1
"1118",16,320,1.0015732,1.0018592,1.0014778,1.0019546,100,325,125,406,1
"1119",16,321,1.0015732,1.0018592,1.0014778,1.0019546,100,325,125,406,1
"1120",16,322,1.0012871,1.0014778,1.0011917,1.0015732,125,200,100,300,1
"1121",16,323,1.0011917,1.0014778,1.0010965,1.0015732,200,205,225,300,1
"1122",16,325,1.0011917,1.0013825,1.0010965,1.0014778,300,430,100,200,1
"1123",16,326,1.0008104,1.0009058,1.000715,1.0010011,100,101,125,125,1
"1124",16,327,1.0008104,1.0009058,1.0005244,1.0010011,200,101,125,225,1
"1125",16,329,1.0009058,1.0010965,1.0008104,1.0011917,200,3,200,125,1
"1126",16,330,1.0010011,1.0013825,1.0009058,1.0015732,525,325,300,200,1
"1127",16,331,1.0009058,1.0011917,1.0008104,1.0012871,300,325,200,300,1
"1128",16,332,1.0009058,1.0011917,1.0008104,1.0012871,100,325,100,200,1
"1129",16,334,1.0005244,1.0008104,1.000429,1.0009058,125,200,100,200,1
"1130",16,335,1.000715,1.0009058,1.0005244,1.0010011,100,100,125,325,1
"1131",16,336,1.0005244,1.0010011,1.000429,1.0011917,125,225,100,325,1
"1132",16,337,1.0005244,1.0008104,1.000429,1.0009058,125,225,100,200,1
"1133",16,338,1.000715,1.0009058,1.0005244,1.0010011,100,200,125,325,1
"1134",16,339,1.0006198,1.0008104,1.0005244,1.0009058,100,100,125,200,1
"1135",16,340,1.0006198,1.0009058,1.0005244,1.0010011,100,300,125,325,1
"1136",16,341,1.000715,1.0009058,1.0006198,1.0010011,100,100,100,325,1
"1137",16,342,1.0006198,1.0008104,1.0005244,1.0010011,100,100,125,325,1
"1138",16,343,1.000715,1.0009058,1.0006198,1.0010011,100,200,100,325,1
"1139",16,344,1.000715,1.0010011,1.0006198,1.0011917,100,325,100,325,1
"1140",16,345,1.0008104,1.0011917,1.000715,1.0013825,125,325,100,225,1
"1141",16,346,1.0008104,1.0011917,1.000715,1.0013825,225,225,200,225,1
"1142",16,347,1.0008104,1.0013825,1.000715,1.0015732,225,325,100,200,1
"1143",16,349,1.0008104,1.0013825,1.000715,1.0015732,225,325,200,200,1
"1144",16,350,1.0010011,1.0013825,1.0009058,1.0015732,125,125,100,200,1
"1145",16,351,1.0010011,1.0014778,1.0009058,1.0015732,125,125,100,100,1
"1146",16,352,1.0010011,1.0014778,1.0009058,1.0015732,225,125,100,100,1
"1147",16,357,1.0010011,1.0014778,1.0009058,1.0015732,325,125,100,100,1
"1148",16,358,1.0010011,1.0015732,1.0009058,1.0016685,325,300,100,125,1
"1149",16,359,1.0010011,1.0015732,1.0009058,1.0016685,325,200,100,125,1
"1150",16,360,1.0010011,1.0013825,1.0008104,1.0015732,325,100,225,200,1
"1151",16,361,1.0010011,1.0015732,1.0008104,1.0016685,325,300,225,125,1
"1152",16,362,1.0014778,1.0018592,1.0012871,1.0019546,100,230,225,100,1
"1153",16,364,1.0011917,1.0014778,1.0010965,1.0015732,125,325,100,200,1
"1154",16,365,1.0011917,1.0016685,1.0010965,1.0017638,225,225,200,202,1
"1155",16,367,1.0013825,1.0017638,1.0012871,1.0018592,125,2,100,125,1
"1156",16,372,1.0015732,1.0017638,1.0014778,1.0018592,125,102,100,125,1
"1157",16,373,1.0013825,1.0017638,1.0012871,1.0018592,225,102,100,125,1
"1158",16,374,1.0013825,1.0017638,1.0012871,1.0018592,225,103,100,125,1
"1159",16,376,1.0013825,1.0017638,1.0012871,1.0018592,225,113,100,125,1
"1160",16,380,1.0013825,1.0017638,1.0012871,1.0018592,225,39,100,125,1
"1161",16,383,1.0013825,1.0017638,1.0012871,1.0018592,225,37,100,125,1
"1162",16,393,1.0013825,1.0016685,1.0011917,1.0017638,225,225,125,137,1
"1163",16,396,1.0013825,1.0016685,1.0011917,1.0017638,100,225,125,237,1
"1164",16,397,1.0014778,1.0017638,1.0012871,1.0018592,225,137,100,125,1
"1165",16,398,1.0014778,1.0017638,1.0012871,1.0018592,225,137,200,125,1
"1166",16,400,1.0014778,1.0017638,1.0012871,1.0018592,225,137,200,173,1
"1167",16,401,1.0014778,1.0015732,1.0011917,1.0016685,100,120,125,325,1
"1168",16,403,1.0014778,1.0015732,1.0011917,1.0016685,100,120,125,345,1
"1169",16,404,1.0015732,1.0017638,1.0014778,1.0018592,110,237,200,129,1
"1170",16,405,1.0015732,1.0017638,1.0014778,1.0018592,100,137,200,4,1
"1171",16,406,1.0018592,1.0021452,1.0017638,1.0022405,125,11,100,101,1
"1172",16,407,1.0018592,1.0021452,1.0017638,1.0022405,225,10,100,101,1
"1173",16,408,1.0020499,1.0022405,1.0019546,1.0023359,125,1,100,13,1
"1174",16,409,1.0020499,1.0022405,1.0019546,1.0023359,225,1,100,13,1
"1175",16,411,1.0020499,1.0022405,1.0019546,1.0023359,225,1,100,13,1
"1176",16,413,1.0020499,1.0022405,1.0019546,1.0023359,325,1,100,13,1
"1177",16,415,1.0020499,1.0022405,1.0019546,1.0023359,325,1,100,18,1
"1178",16,418,1.0020499,1.0022405,1.0019546,1.0023359,200,1,100,118,1
"1179",16,419,1.0013825,1.0017638,1.0011917,1.0018592,125,243,125,227,1
"1180",16,420,1.0015732,1.0017638,1.0013825,1.0018592,200,139,225,102,1
"1181",16,421,1.0015732,1.0017638,1.0013825,1.0018592,100,78,225,2,1
"1182",16,423,1.0015732,1.0017638,1.0013825,1.0018592,100,49,225,2,1
"1183",16,424,1.0015732,1.0017638,1.0013825,1.0018592,100,49,225,202,1
"1184",16,426,1.0015732,1.0017638,1.0013825,1.0018592,100,44,225,102,1
"1185",16,427,1.0015732,1.0017638,1.0014778,1.0018592,100,3,100,102,1
"1186",16,428,1.0016685,1.0018592,1.0015732,1.0019546,125,2,100,229,1
"1187",16,429,1.0019546,1.0022405,1.0018592,1.0023359,100,1,325,106,1
"1188",16,431,1.0016685,1.0019546,1.0015732,1.0020499,125,225,100,100,1
"1189",16,432,1.0015732,1.0019546,1.0014778,1.0020499,100,125,100,100,1
"1190",16,433,1.0015732,1.0019546,1.0014778,1.0020499,100,225,100,100,1
"1191",16,434,1.0016685,1.0019546,1.0015732,1.0020499,125,125,100,100,1
"1192",16,436,1.0016685,1.0019546,1.0015732,1.0021452,125,335,100,225,1
"1193",16,437,1.0017638,1.0019546,1.0016685,1.0021452,100,10,225,225,1
"1194",16,444,1.0018592,1.0022405,1.0017638,1.0023359,325,104,100,106,1
"1195",16,446,1.0018592,1.0021452,1.0017638,1.0022405,225,125,100,104,1
"1196",16,447,1.0018592,1.0022405,1.0017638,1.0023359,325,102,100,106,1
"1197",16,448,1.0018592,1.0022405,1.0016685,1.0023359,425,102,225,106,1
"1198",16,449,1.0018592,1.0022405,1.0016685,1.0023359,425,101,225,106,1
"1199",16,452,1.0021452,1.0022405,1.0020499,1.0023359,100,100,113,106,1
"1200",16,453,1.0019546,1.0022405,1.0018592,1.0023359,100,100,325,106,1
"1201",16,455,1.0018592,1.0021452,1.0016685,1.0023359,325,125,225,106,1
"1202",16,456,1.0018592,1.0021452,1.0016685,1.0023359,100,225,225,206,1
"1203",16,457,1.0018592,1.0021452,1.0016685,1.0023359,100,245,225,206,1
"1204",16,458,1.0017638,1.0019546,1.0016685,1.0021452,100,234,125,325,1
"1205",16,460,1.0015732,1.0019546,1.0014778,1.0021452,125,234,200,325,1
"1206",16,461,1.0017638,1.0019546,1.0015732,1.0021452,200,9,125,325,1
"1207",16,463,1.0017638,1.0019546,1.0015732,1.0021452,100,9,125,325,1
"1208",16,464,1.0018592,1.0021452,1.0017638,1.0022405,225,108,100,125,1
"1209",16,465,1.0018592,1.0021452,1.0017638,1.0022405,225,8,100,125,1
"1210",16,466,1.0018592,1.0020499,1.0017638,1.0021452,200,226,100,100,1
"1211",16,468,1.0018592,1.0020499,1.0017638,1.0021452,200,1,100,100,1
"1212",16,469,1.0018592,1.0020499,1.0017638,1.0021452,200,1,100,100,1
"1213",16,470,1.0018592,1.0020499,1.0017638,1.0022405,200,1,100,125,1
"1214",16,471,1.0018592,1.0020499,1.0017638,1.0021452,200,1,100,200,1
"1215",16,472,1.0018592,1.0020499,1.0017638,1.0022405,200,1,100,125,1
"1216",16,473,1.0020499,1.0023359,1.0019546,1.0024313,103,223,225,1,1
"1217",16,474,1.0020499,1.0022405,1.0019546,1.0023359,103,10,225,206,1
"1218",16,475,1.0020499,1.0022405,1.0019546,1.0023359,203,10,225,306,1
"1219",16,476,1.0020499,1.0022405,1.0019546,1.0023359,203,10,225,306,1
"1220",16,477,1.0020499,1.0022405,1.0019546,1.0023359,203,38,225,106,1
"1221",16,480,1.0023359,1.0024313,1.0022405,1.0026219,325,1,100,156,1
"1222",16,482,1.0021452,1.0024313,1.0020499,1.0025265,225,13,200,100,1
"1223",16,483,1.0021452,1.0024313,1.0020499,1.0026219,225,213,200,125,1
"1224",16,484,1.0021452,1.0024313,1.0020499,1.0025265,125,212,200,100,1
"1225",16,485,1.0021452,1.0024313,1.0020499,1.0026219,125,112,200,125,1
"1226",16,488,1.0024313,1.0028126,1.0023359,1.002908,206,225,225,200,1
"1227",16,489,1.0025265,1.0028126,1.0024313,1.0030032,125,347,106,20,1
"1228",16,490,1.0025265,1.0028126,1.0024313,1.0030032,125,447,106,20,1
"1229",16,491,1.0025265,1.0027173,1.0024313,1.0028126,125,12,106,100,1
"1230",16,492,1.0021452,1.0024313,1.0020499,1.0025265,225,200,100,300,1
"1231",16,493,1.0021452,1.0024313,1.0020499,1.0025265,225,201,100,300,1
"1232",16,495,1.0021452,1.0024313,1.0020499,1.0025265,225,201,100,200,1
"1233",16,496,1.0021452,1.0024313,1.0020499,1.0025265,225,311,100,200,1
"1234",16,500,1.0021452,1.0023359,1.0020499,1.0024313,100,225,100,211,1
"1235",16,503,1.0022405,1.0024313,1.0021452,1.0025265,100,211,100,200,1
"1236",16,504,1.0021452,1.0022405,1.0020499,1.0023359,200,100,200,135,1
"1237",16,505,1.0019546,1.0021452,1.0018592,1.0023359,200,225,200,125,1
"1238",16,507,1.0020499,1.0022405,1.0019546,1.0023359,200,100,200,125,1
"1239",16,508,1.0020499,1.0023359,1.0019546,1.0024313,200,125,200,211,1
"1240",16,512,1.0020499,1.0023359,1.0019546,1.0024313,200,225,100,211,1
"1241",16,513,1.0020499,1.0023359,1.0019546,1.0024313,100,225,100,211,1
"1242",16,516,1.0019546,1.0021452,1.0018592,1.0023359,100,125,300,225,1
"1243",16,517,1.0017638,1.0019546,1.0015732,1.0020499,200,225,125,200,1
"1244",16,518,1.0017638,1.0021452,1.0016685,1.0023359,100,125,100,225,1
"1245",16,519,1.0018592,1.0021452,1.0017638,1.0023359,125,125,100,225,1
"1246",16,521,1.0017638,1.0019546,1.0016685,1.0020499,100,125,100,200,1
"1247",16,523,1.0018592,1.0021452,1.0016685,1.0023359,300,125,100,225,1
"1248",16,524,1.0018592,1.0021452,1.0016685,1.0023359,200,225,100,225,1
"1249",16,526,1.0018592,1.0021452,1.0016685,1.0023359,200,225,100,125,1
"1250",16,529,1.0018592,1.0021452,1.0017638,1.0023359,200,225,100,125,1
"1251",16,530,1.0019546,1.0021452,1.0018592,1.0023359,125,100,200,125,1
"1252",16,532,1.0017638,1.0020499,1.0015732,1.0021452,100,225,125,200,1
"1253",16,534,1.0017638,1.0019546,1.0015732,1.0020499,100,200,125,225,1
"1254",16,536,1.0017638,1.0019546,1.0015732,1.0020499,100,202,125,225,1
"1255",16,537,1.0016685,1.0017638,1.0015732,1.0018592,100,200,125,125,1
"1256",16,538,1.0016685,1.0018592,1.0015732,1.0019546,100,125,125,202,1
"1257",16,539,1.0015732,1.0017638,1.0014778,1.0018592,100,220,125,325,1
"1258",16,540,1.0014778,1.0018592,1.0013825,1.0019546,125,325,28,202,1
"1259",16,542,1.0013825,1.0016685,1.0012871,1.0017638,28,225,125,320,1
"1260",16,543,1.0014778,1.0016685,1.0013825,1.0017638,100,100,28,320,1
"1261",16,544,1.0013825,1.0016685,1.0012871,1.0017638,28,200,125,220,1
"1262",16,547,1.0013825,1.0015732,1.0012871,1.0016685,54,202,125,200,1
"1263",16,548,1.0013825,1.0015732,1.0012871,1.0016685,54,2,125,200,1
"1264",16,549,1.0010011,1.0012871,1.0009058,1.0013825,100,100,125,100,1
"1265",16,550,1.0010965,1.0013825,1.0010011,1.0014778,125,100,100,525,1
"1266",16,551,1.0012871,1.0015732,1.0011917,1.0016685,100,2,448,300,1
"1267",16,552,1.0013825,1.0015732,1.0012871,1.0016685,125,2,100,208,1
"1268",16,554,1.0013825,1.0016685,1.0012871,1.0017638,125,208,200,100,1
"1269",16,555,1.0012871,1.0015732,1.0010965,1.0016685,100,725,325,208,1
"1270",16,557,1.0012871,1.0015732,1.0010965,1.0016685,100,725,225,208,1
"1271",16,559,1.0012871,1.0015732,1.0010965,1.0016685,100,225,325,208,1
"1272",16,560,1.0012871,1.0015732,1.0010965,1.0016685,100,525,325,208,1
"1273",16,561,1.0012871,1.0015732,1.0010965,1.0016685,100,525,225,208,1
"1274",16,563,1.0012871,1.0015732,1.0010965,1.0016685,200,425,225,208,1
"1275",16,564,1.0012871,1.0015732,1.0010965,1.0016685,200,225,325,208,1
"1276",16,565,1.0013825,1.0015732,1.0012871,1.0016685,100,325,100,208,1
"1277",16,569,1.0013825,1.0015732,1.0012871,1.0016685,100,100,100,208,1
"1278",16,570,1.0013825,1.0015732,1.0012871,1.0016685,100,300,100,208,1
"1279",16,571,1.0008104,1.0010011,1.000715,1.0010965,200,400,125,330,1
"1280",16,572,1.0008104,1.0010965,1.000715,1.0011917,200,425,125,508,1
"1281",16,573,1.0008104,1.0010011,1.000715,1.0010965,200,100,125,425,1
"1282",16,574,1.0008104,1.0010965,1.000715,1.0011917,200,425,125,408,1
"1283",16,575,1.0008104,1.0010965,1.000715,1.0011917,200,325,125,408,1
"1284",16,577,1.0008104,1.0010965,1.000715,1.0011917,200,325,125,308,1
"1285",16,578,1.0009058,1.0010965,1.0008104,1.0011917,100,200,200,308,1
"1286",16,579,1.0009058,1.0010011,1.0008104,1.0010965,200,325,100,300,1
"1287",16,580,1.0009058,1.0010011,1.0008104,1.0010965,200,100,100,300,1
"1288",16,581,1.0008104,1.0009058,1.0006198,1.0010011,100,200,125,300,1
"1289",16,583,1.000715,1.0008104,1.0005244,1.0009058,100,208,125,345,1
"1290",16,584,1.000715,1.0008104,1.0005244,1.0009058,100,308,125,120,1
"1291",16,585,1.000715,1.0008104,1.0005244,1.0009058,100,308,125,120,1
"1292",16,586,1.000715,1.0008104,1.0005244,1.0009058,100,108,125,120,1
"1293",16,587,1.000715,1.0008104,1.0005244,1.0009058,100,108,125,120,1
"1294",16,588,1.000715,1.0008104,1.0005244,1.0009058,100,308,125,120,1
"1295",16,589,1.0005244,1.0008104,1.000429,1.0009058,125,108,100,220,1
"1296",16,590,1.0005244,1.0008104,1.000429,1.0009058,125,208,100,220,1
"1297",16,591,1.0005244,1.0008104,1.000429,1.0009058,125,308,100,220,1
"1298",16,598,1.0005244,1.0008104,1.000429,1.0009058,125,428,100,100,1
"1299",31,0,0.9984764,0.9989843,0.99833125,0.9990568,4,205,102,36,1
"1300",31,5,0.99760574,0.99862146,0.9975332,0.99869406,100,200,37,236,1
"1301",31,6,0.9975332,0.9985489,0.99746066,0.99862146,37,400,3,10,1
"1302",31,7,0.99746066,0.9984764,0.997243,0.9990568,3,505,54,36,1
"1303",31,8,0.99746066,0.99840385,0.997243,0.9984764,3,210,54,300,1
"1304",31,9,0.99760574,0.99840385,0.9975332,0.9984764,333,220,70,100,1
"1305",31,10,0.99760574,0.99840385,0.9975332,0.99869406,333,220,69,158,1
"1306",31,11,0.99760574,0.9984764,0.9975332,0.9985489,333,1,69,215,1
"1307",31,13,0.99760574,0.9984764,0.9975332,0.9985489,434,1,69,215,1
"1308",31,21,0.99760574,0.9985489,0.9975332,0.99869406,434,215,69,158,1
"1309",31,37,0.9980411,0.9985489,0.9977509,0.99862146,1,40,104,200,1
"1310",31,41,0.9980411,0.99869406,0.9977509,0.9990568,1,246,104,136,1
"1311",31,45,0.9980411,0.99869406,0.9977509,0.9990568,1,172,104,209,1
"1312",31,46,0.9980411,0.99869406,0.9977509,0.9989843,1,172,104,73,1
"1313",31,48,0.9980411,0.99869406,0.9977509,0.9989117,1,172,104,73,1
"1314",31,49,0.9980411,0.99862146,0.9977509,0.99869406,1,178,4,257,1
"1315",31,50,0.9977509,0.9984764,0.9975332,0.9985489,1,273,69,141,1
"1316",31,52,0.9977509,0.9984764,0.9975332,0.9985489,1,313,69,141,1
"1317",31,53,0.9977509,0.9984764,0.9975332,0.9985489,1,273,69,105,1
"1318",31,54,0.9977509,0.9984764,0.9975332,0.9985489,1,313,69,105,1
"1319",31,58,0.9977509,0.9984764,0.9975332,0.9985489,1,240,69,105,1
"1320",31,59,0.9977509,0.99840385,0.9975332,0.9984764,1,99,69,41,1
"1321",31,61,0.9980411,0.9985489,0.9975332,0.99869406,102,5,69,157,1
"1322",31,69,0.9980411,0.9985489,0.9975332,0.99869406,102,4,69,157,1
"1323",31,77,0.9980411,0.99869406,0.9975332,0.99883914,102,162,69,3,1
"1324",31,78,0.99811363,0.99869406,0.9980411,0.99883914,3,162,100,3,1
"1325",31,80,0.99746066,0.9980411,0.99717045,0.99840385,41,102,53,100,1
"1326",31,81,0.99746066,0.9980411,0.99717045,0.9985489,41,102,53,40,1
"1327",31,82,0.9975332,0.99862146,0.99746066,0.99869406,40,212,41,357,1
"1328",31,83,0.9975332,0.9984764,0.99746066,0.9985489,40,100,41,341,1
"1329",31,84,0.9975332,0.9984764,0.99746066,0.9985489,40,5,41,236,1
"1330",31,86,0.9975332,0.9984764,0.99746066,0.9985489,40,6,41,200,1
"1331",31,88,0.9975332,0.9984764,0.99746066,0.9985489,40,46,41,200,1
"1332",31,92,0.9976783,0.9984764,0.9975332,0.9985489,1,6,40,100,1
"1333",31,93,0.9976783,0.99840385,0.9975332,0.9984764,1,136,40,41,1
"1334",31,96,0.9976783,0.99840385,0.99746066,0.9984764,1,36,3,41,1
"1335",31,99,0.9976783,0.99840385,0.9975332,0.9984764,1,36,140,41,1
"1336",31,100,0.9976783,0.99840385,0.9975332,0.9984764,1,36,40,41,1
"1337",31,104,0.9976783,0.99840385,0.9975332,0.9984764,101,36,40,42,1
"1338",31,105,0.9976783,0.99840385,0.9975332,0.9984764,101,36,40,41,1
"1339",31,107,0.9976783,0.9984764,0.9975332,0.9985489,101,41,40,105,1
"1340",31,108,0.9980411,0.9984764,0.9976783,0.99869406,3,106,101,157,1
"1341",31,109,0.9980411,0.9984764,0.9976783,0.99869406,3,6,101,157,1
"1342",31,110,0.9980411,0.9984764,0.9976783,0.99869406,3,12,301,157,1
"1343",31,113,0.9980411,0.9984764,0.9976783,0.99869406,4,12,200,157,1
"1344",31,115,0.9980411,0.9984764,0.9976783,0.99869406,4,13,200,157,1
"1345",31,117,0.9980411,0.9984764,0.9976783,0.99869406,4,13,100,157,1
"1346",31,122,0.9976783,0.9984764,0.9975332,0.99869406,100,7,40,267,1
"1347",31,123,0.9976783,0.9984764,0.9975332,0.99869406,100,7,40,162,1
"1348",31,125,0.9976783,0.9984764,0.9975332,0.99869406,301,7,40,162,1
"1349",31,129,0.9976783,0.9984764,0.9975332,0.99869406,301,57,40,162,1
"1350",31,131,0.9976783,0.9984764,0.9975332,0.99869406,201,102,40,157,1
"1351",31,134,0.9976783,0.9984764,0.9975332,0.99869406,201,57,40,167,1
"1352",31,136,0.9976783,0.9984764,0.9975332,0.9985489,201,57,40,40,1
"1353",31,140,0.9976783,0.9984764,0.9975332,0.9985489,230,57,40,40,1
"1354",31,147,0.9977509,0.9984764,0.9976783,0.9985489,2,57,229,40,1
"1355",31,148,0.9977509,0.9984764,0.9976783,0.9985489,17,57,329,40,1
"1356",31,152,0.9977509,0.9984764,0.9976783,0.9985489,111,57,329,40,1
"1357",31,153,0.9977509,0.99840385,0.9976783,0.9984764,111,207,329,55,1
"1358",31,157,0.9977509,0.9982587,0.9976783,0.99840385,110,5,329,7,1
"1359",31,158,0.9977509,0.9982587,0.9976783,0.9984764,16,112,329,50,1
"1360",31,160,0.9977509,0.9982587,0.9976783,0.9984764,16,7,329,50,1
"1361",31,164,0.9977509,0.9982587,0.9976783,0.9984764,16,112,329,50,1
"1362",31,173,0.99746066,0.99789596,0.99717045,0.9979685,65,7,53,300,1
"1363",31,174,0.9967351,0.9975332,0.9965174,0.99789596,9,200,36,12,1
"1364",31,175,0.9967351,0.9975332,0.99659,0.99789596,9,5,300,107,1
"1365",31,176,0.9967351,0.9975332,0.99666256,0.99789596,9,12,1,100,1
"1366",31,177,0.9967351,0.9975332,0.99666256,0.99789596,9,12,1,300,1
"1367",31,179,0.9967351,0.9975332,0.99666256,0.99789596,9,12,1,200,1
"1368",31,181,0.9967351,0.9975332,0.99666256,0.9976783,9,7,1,249,1
"1369",31,183,0.9967351,0.9975332,0.99666256,0.9976783,9,7,1,149,1
"1370",31,184,0.99680763,0.9975332,0.9967351,0.9976783,336,7,203,105,1
"1371",31,188,0.99738806,0.99789596,0.9973155,0.9979685,210,110,100,100,1
"1372",31,189,0.99738806,0.99789596,0.9973155,0.9979685,200,135,100,100,1
"1373",31,190,0.9973155,0.9978234,0.99688023,0.99789596,1,205,37,125,1
"1374",31,191,0.9973155,0.9978234,0.99688023,0.99789596,1,315,37,125,1
"1375",31,192,0.99680763,0.9978234,0.9967351,0.99789596,301,210,97,125,1
"1376",31,193,0.9969528,0.9978234,0.99688023,0.99789596,100,210,437,125,1
"1377",31,194,0.9969528,0.9978234,0.99688023,0.99789596,100,210,436,125,1
"1378",31,195,0.9969528,0.9978234,0.99688023,0.99789596,100,209,436,125,1
"1379",31,196,0.9969528,0.9976783,0.99688023,0.9978234,100,2,436,209,1
"1380",31,201,0.9969528,0.9976783,0.99688023,0.9978234,102,2,436,110,1
"1381",31,210,0.9969528,0.9976783,0.99688023,0.9978234,102,1,436,110,1
"1382",31,211,0.9969528,0.9980411,0.99688023,0.9981862,139,39,436,7,1
"1383",31,212,0.9969528,0.9980411,0.99688023,0.9981862,139,39,400,7,1
"1384",31,213,0.99709785,0.9981862,0.9970253,0.9982587,100,2,375,230,1
"1385",31,214,0.99709785,0.9981862,0.9970253,0.9982587,102,2,339,230,1
"1386",31,217,0.9976783,0.9981862,0.99738806,0.9982587,3,2,103,220,1
"1387",31,218,0.9976783,0.9981862,0.99738806,0.9982587,3,2,3,220,1
"1388",31,219,0.9976783,0.9981862,0.99738806,0.9982587,3,2,3,120,1
"1389",31,224,0.99738806,0.9981862,0.997243,0.9982587,3,2,39,120,1
"1390",31,225,0.99746066,0.9981862,0.99738806,0.9982587,2,2,3,120,1
"1391",31,231,0.9975332,0.99811363,0.99746066,0.9981862,24,200,3,7,1
"1392",31,232,0.9975332,0.99811363,0.99746066,0.9981862,24,100,3,7,1
"1393",31,234,0.9975332,0.9981862,0.99746066,0.9982587,24,102,3,10,1
"1394",31,241,0.99746066,0.99811363,0.99738806,0.9981862,3,405,3,2,1
"1395",31,245,0.99746066,0.99811363,0.99738806,0.9981862,3,105,3,102,1
"1396",31,246,0.99746066,0.99811363,0.99738806,0.9981862,3,205,3,2,1
"1397",31,247,0.99746066,0.99811363,0.99738806,0.9981862,3,105,3,2,1
"1398",31,249,0.99746066,0.99811363,0.99738806,0.9981862,104,105,3,2,1
"1399",31,259,0.99746066,0.99811363,0.99738806,0.9981862,104,105,3,102,1
"1400",31,268,0.99746066,0.99811363,0.99738806,0.9981862,103,105,3,2,1
"1401",31,276,0.99746066,0.9979685,0.99738806,0.9980411,102,100,3,5,1
"1402",31,300,0.99746066,0.9979685,0.99738806,0.9980411,102,100,3,44,1
"1403",31,302,0.99746066,0.9979685,0.99738806,0.9980411,102,100,3,5,1
"1404",31,309,0.99557424,0.997243,0.99542916,0.9976783,433,300,400,220,1
"1405",31,310,0.9957919,0.9973155,0.99557424,0.99738806,277,100,300,10,1
"1406",31,311,0.9957919,0.9973155,0.99557424,0.99738806,277,100,300,110,1
"1407",31,312,0.99586445,0.9973155,0.9957919,0.99738806,582,5,77,100,1
"1408",31,314,0.99593705,0.99738806,0.99586445,0.9976783,644,110,82,100,1
"1409",31,315,0.99593705,0.99738806,0.99586445,0.9976783,544,110,82,100,1
"1410",31,316,0.99593705,0.99738806,0.99586445,0.9976783,400,110,82,100,1
"1411",31,318,0.99593705,0.9973155,0.99586445,0.99738806,300,105,82,100,1
"1412",31,319,0.99593705,0.9973155,0.99586445,0.99738806,100,105,82,100,1
"1413",31,321,0.99593705,0.9973155,0.99586445,0.99738806,100,246,82,100,1
"1414",31,322,0.99593705,0.9973155,0.99586445,0.9978234,100,346,82,100,1
"1415",31,323,0.9960096,0.99738806,0.99593705,0.9978234,339,110,100,100,1
"1416",31,324,0.9960096,0.99738806,0.99593705,0.9978234,242,110,100,100,1
"1417",31,327,0.9960096,0.99738806,0.99593705,0.9978234,242,149,100,100,1
"1418",31,339,0.9960096,0.99738806,0.99586445,0.9978234,242,149,80,100,1
"1419",31,352,0.9960096,0.99738806,0.99586445,0.9978234,142,149,80,100,1
"1420",31,355,0.9960096,0.9973155,0.99586445,0.99738806,142,5,80,139,1
"1421",31,356,0.9960096,0.9973155,0.99586445,0.99738806,142,105,80,39,1
"1422",31,362,0.9960096,0.9973155,0.99586445,0.99738806,288,105,80,39,1
"1423",31,396,0.99666256,0.9973155,0.99637234,0.99738806,1,105,3,39,1
"1424",31,398,0.99666256,0.9973155,0.99637234,0.99738806,1,110,3,39,1
"1425",31,405,0.99637234,0.99709785,0.9960096,0.99738806,3,105,228,39,1
"1426",31,425,0.99637234,0.99709785,0.9960821,0.99738806,3,105,5,39,1
"1427",31,429,0.99637234,0.99709785,0.99615467,0.99738806,3,105,1,39,1
"1428",31,438,0.99637234,0.99709785,0.99615467,0.99738806,3,105,6,39,1
"1429",31,449,0.99637234,0.99709785,0.99622726,0.99738806,3,105,32,39,1
"1430",31,454,0.99637234,0.99709785,0.99622726,0.99738806,3,107,32,39,1
"1431",31,456,0.9967351,0.99738806,0.9964449,0.9975332,10,3,200,100,1
"1432",31,457,0.99709785,0.9978234,0.99637234,0.99789596,231,3,41,105,1
"1433",31,458,0.99709785,0.9978234,0.99637234,0.99789596,265,5,41,100,1
"1434",31,459,0.99709785,0.9977509,0.99637234,0.9978234,265,105,41,100,1
"1435",31,460,0.99709785,0.9977509,0.99637234,0.9978234,165,105,41,100,1
"1436",31,462,0.99709785,0.9977509,0.99637234,0.9978234,171,105,41,100,1
"1437",31,466,0.99709785,0.9977509,0.99637234,0.9978234,271,105,41,100,1
"1438",31,467,0.99709785,0.9977509,0.99680763,0.9978234,271,105,3,100,1
"1439",31,469,0.99709785,0.99760574,0.99637234,0.9976783,271,200,41,105,1
"1440",31,473,0.99680763,0.9973155,0.99637234,0.99738806,3,100,41,100,1
"1441",31,474,0.99637234,0.99709785,0.9960821,0.9973155,41,5,100,100,1
"1442",31,475,0.99637234,0.99709785,0.9960821,0.9973155,41,5,100,200,1
"1443",31,476,0.9965174,0.997243,0.99637234,0.9973155,80,300,41,110,1
"1444",31,485,0.99637234,0.99709785,0.9960821,0.99717045,3,300,200,136,1
"1445",31,490,0.99637234,0.99709785,0.9960821,0.99717045,3,300,204,100,1
"1446",31,492,0.99637234,0.99709785,0.9962998,0.99717045,3,300,2,100,1
"1447",31,494,0.99637234,0.99709785,0.9962998,0.997243,3,300,2,115,1
"1448",31,495,0.99637234,0.99709785,0.9962998,0.9973155,3,315,102,100,1
