"","time_id","seconds_in_bucket","bid_price1","ask_price1","bid_price2","ask_price2","bid_size1","ask_size1","bid_size2","ask_size2","stock_id"
"1",5,0,1.0014275,1.0018667,1.0013176,1.0019765,7,302,12,100,107
"2",5,1,1.0014275,1.0018667,1.0013176,1.0020863,15,300,5,152,107
"3",5,5,1.0014275,1.0018667,1.0013176,1.0020863,15,400,5,152,107
"4",5,6,1.0014275,1.0018667,1.0013176,1.0020863,15,400,5,152,107
"5",5,7,1.0014275,1.0018667,1.0013176,1.0019765,7,400,15,100,107
"6",5,8,1.0014275,1.0018667,1.0013176,1.0020863,7,400,15,152,107
"7",5,9,1.0014275,1.0018667,1.0013176,1.0020863,7,400,15,152,107
"8",5,10,1.0014275,1.0018667,1.0013176,1.0020863,7,300,15,152,107
"9",5,11,1.0014275,1.0018667,1.0013176,1.0020863,18,300,5,152,107
"10",5,12,1.0014275,1.0018667,1.001098,1.0020863,18,295,100,152,107
"11",5,13,1.0014275,1.0018667,1.001098,1.0020863,18,195,100,152,107
"12",5,14,1.0014275,1.0018667,1.0013176,1.0020863,18,190,57,152,107
"13",5,15,1.0015373,1.0021961,1.0014275,1.0023059,300,2,211,29,107
"14",5,16,1.0015373,1.0021961,1.0014275,1.0023059,319,6,300,129,107
"15",5,17,1.0015373,1.0021961,1.0014275,1.0023059,319,6,300,229,107
"16",5,18,1.0015373,1.0021961,1.0014275,1.0023059,320,5,300,229,107
"17",5,23,1.0017569,1.0021961,1.0015373,1.0023059,15,1,307,229,107
"18",5,24,1.0018667,1.0021961,1.0017569,1.0023059,15,1,102,229,107
"19",5,25,1.0019765,1.0023059,1.0018667,1.0024158,316,36,202,3,107
"20",5,26,1.0019765,1.0024158,1.0018667,1.0025256,318,3,200,1,107
"21",5,28,1.0019765,1.0025256,1.0018667,1.0027452,318,111,100,35,107
"22",5,29,1.0019765,1.0025256,1.0018667,1.0026354,318,111,100,100,107
"23",5,30,1.0019765,1.0025256,1.0018667,1.0027452,321,111,100,35,107
"24",5,32,1.0019765,1.0025256,1.0018667,1.0027452,322,111,100,35,107
"25",5,33,1.0019765,1.0025256,1.0018667,1.0027452,322,11,100,35,107
"26",5,36,1.0020863,1.0025256,1.0019765,1.0027452,200,2,318,135,107
"27",5,37,1.0020863,1.0025256,1.0019765,1.0027452,321,2,300,135,107
"28",5,38,1.0020863,1.0026354,1.0019765,1.0027452,221,1,300,140,107
"29",5,40,1.0020863,1.0025256,1.0019765,1.0026354,2,501,320,301,107
"30",5,41,1.0019765,1.0025256,1.0016471,1.0026354,321,401,100,301,107
"31",5,42,1.0019765,1.0024158,1.0017569,1.0025256,121,300,100,101,107
"32",5,43,1.0019765,1.0024158,1.0017569,1.0025256,120,601,101,101,107
"33",5,44,1.0019765,1.0024158,1.0017569,1.0025256,122,601,100,100,107
"34",5,45,1.0019765,1.0024158,1.0018667,1.0025256,122,601,100,100,107
"35",5,46,1.0019765,1.0024158,1.0018667,1.0025256,122,301,100,100,107
"36",5,47,1.0019765,1.0024158,1.0018667,1.0026354,120,202,100,201,107
"37",5,48,1.0019765,1.0024158,1.0017569,1.0026354,121,202,100,201,107
"38",5,49,1.0017569,1.0020863,1.0015373,1.0024158,1,301,300,100,107
"39",5,50,1.0018667,1.0024158,1.0015373,1.0026354,300,100,401,201,107
"40",5,51,1.0018667,1.0024158,1.0015373,1.0025256,2,156,400,200,107
"41",5,52,1.0015373,1.0024158,1.0014275,1.0025256,301,156,100,200,107
"42",5,53,1.0015373,1.0021961,1.0014275,1.0023059,101,473,100,304,107
"43",5,54,1.0015373,1.0021961,1.0014275,1.0023059,100,473,100,304,107
"44",5,55,1.0015373,1.0021961,1.0014275,1.0023059,100,473,100,300,107
"45",5,56,1.0015373,1.0021961,1.0014275,1.0023059,100,475,100,300,107
"46",5,58,1.0015373,1.0021961,1.0014275,1.0023059,100,375,100,300,107
"47",5,59,1.0017569,1.0025256,1.0016471,1.0026354,1,200,100,201,107
"48",5,60,1.0017569,1.0025256,1.0016471,1.0026354,2,200,100,201,107
"49",5,61,1.0018667,1.0025256,1.0017569,1.0026354,100,200,2,201,107
"50",5,62,1.0018667,1.0025256,1.0016471,1.0026354,102,200,100,201,107
"51",5,63,1.0019765,1.0025256,1.0018667,1.0026354,100,200,263,201,107
"52",5,64,1.0019765,1.0026354,1.0018667,1.0027452,203,1,316,140,107
"53",5,65,1.0019765,1.0026354,1.0018667,1.0027452,203,1,416,140,107
"54",5,68,1.0019765,1.0026354,1.0018667,1.0027452,203,3,416,140,107
"55",5,69,1.0019765,1.0026354,1.0018667,1.0027452,203,3,316,140,107
"56",5,76,1.0019765,1.0026354,1.0018667,1.0027452,204,3,316,140,107
"57",5,77,1.0019765,1.0026354,1.0018667,1.0027452,304,3,316,140,107
"58",5,78,1.0019765,1.0026354,1.0018667,1.0027452,304,3,316,140,107
"59",5,82,1.0019765,1.0026354,1.0018667,1.0027452,404,3,256,140,107
"60",5,87,1.0019765,1.0026354,1.0018667,1.0027452,404,3,200,140,107
"61",5,89,1.0019765,1.0026354,1.0018667,1.0027452,404,3,356,140,107
"62",5,94,1.0019765,1.0026354,1.0018667,1.0027452,504,3,356,140,107
"63",5,95,1.0019765,1.0026354,1.0018667,1.0027452,504,3,256,140,107
"64",5,97,1.0019765,1.0026354,1.0018667,1.0027452,504,3,200,140,107
"65",5,98,1.0019765,1.0023059,1.0018667,1.0026354,504,6,200,3,107
"66",5,100,1.0019765,1.0026354,1.0018667,1.0027452,504,1,200,140,107
"67",5,101,1.0020863,1.0026354,1.0019765,1.0027452,3,1,501,240,107
"68",5,102,1.0020863,1.0026354,1.0019765,1.0027452,3,1,557,240,107
"69",5,103,1.0020863,1.0026354,1.0019765,1.0027452,303,1,557,240,107
"70",5,104,1.0020863,1.0026354,1.0019765,1.0027452,303,1,457,240,107
"71",5,106,1.0020863,1.0026354,1.0019765,1.0027452,302,1,457,270,107
"72",5,107,1.0020863,1.0026354,1.0019765,1.0027452,302,1,457,170,107
"73",5,110,1.0020863,1.0026354,1.0019765,1.0027452,302,1,501,170,107
"74",5,111,1.0020863,1.0026354,1.0019765,1.0027452,2,101,501,170,107
"75",5,112,1.0016471,1.0021961,1.0014275,1.0023059,100,240,100,100,107
"76",5,113,1.0017569,1.0020863,1.0016471,1.0021961,7,100,100,200,107
"77",5,114,1.0017569,1.0021961,1.0016471,1.0023059,7,200,100,100,107
"78",5,115,1.0018667,1.0021961,1.0016471,1.0023059,200,200,100,100,107
"79",5,116,1.0019765,1.0026354,1.0018667,1.0027452,100,401,201,170,107
"80",5,117,1.0018667,1.0025256,1.0016471,1.0026354,1,454,100,100,107
"81",5,118,1.0020863,1.0025256,1.0018667,1.0026354,9,400,1,100,107
"82",5,119,1.0020863,1.0025256,1.0018667,1.0026354,9,300,1,100,107
"83",5,120,1.0020863,1.0025256,1.0019765,1.0027452,9,200,100,195,107
"84",5,121,1.0020863,1.0025256,1.0019765,1.0027452,9,200,100,195,107
"85",5,122,1.0020863,1.0025256,1.0019765,1.0026354,9,200,100,100,107
"86",5,123,1.0021961,1.0027452,1.0020863,1.002855,100,95,51,5,107
"87",5,124,1.0021961,1.0027452,1.0020863,1.002855,100,95,142,5,107
"88",5,125,1.0021961,1.0027452,1.0020863,1.002855,100,195,142,105,107
"89",5,126,1.0021961,1.002855,1.0020863,1.0029647,200,105,42,280,107
"90",5,127,1.0024158,1.002855,1.0021961,1.0029647,13,5,200,280,107
"91",5,128,1.0024158,1.002855,1.0021961,1.0029647,13,405,100,280,107
"92",5,129,1.0024158,1.002855,1.0021961,1.0029647,13,405,100,280,107
"93",5,130,1.0024158,1.002855,1.0020863,1.0029647,13,305,142,180,107
"94",5,131,1.0024158,1.002855,1.0020863,1.0029647,13,305,202,180,107
"95",5,132,1.0024158,1.002855,1.0020863,1.0029647,13,105,302,20,107
"96",5,134,1.0024158,1.002855,1.0020863,1.0029647,13,105,242,80,107
"97",5,135,1.0024158,1.002855,1.0020863,1.0029647,13,105,302,80,107
"98",5,136,1.0024158,1.002855,1.0020863,1.0029647,13,105,302,20,107
"99",5,137,1.0024158,1.002855,1.0020863,1.0029647,13,5,302,20,107
"100",5,138,1.0024158,1.002855,1.0021961,1.0029647,13,5,100,26,107
"101",5,141,1.0024158,1.002855,1.0021961,1.0029647,13,5,100,36,107
"102",5,144,1.0024158,1.002855,1.0020863,1.0029647,13,5,202,136,107
"103",5,145,1.0020863,1.0025256,1.0018667,1.0027452,142,100,104,54,107
"104",5,146,1.0021961,1.002855,1.0020863,1.0029647,300,6,142,130,107
"105",5,147,1.0021961,1.002855,1.0020863,1.0029647,100,216,142,180,107
"106",5,148,1.0021961,1.002855,1.0020863,1.0029647,100,216,242,180,107
"107",5,149,1.0020863,1.002855,1.0019765,1.0029647,242,216,160,180,107
"108",5,150,1.0020863,1.002855,1.0018667,1.0029647,242,216,104,225,107
"109",5,151,1.0020863,1.002855,1.0019765,1.0029647,242,216,60,225,107
"110",5,152,1.0020863,1.002855,1.0019765,1.0029647,242,216,160,180,107
"111",5,153,1.0021961,1.002855,1.0020863,1.0029647,1,216,242,180,107
"112",5,154,1.0021961,1.002855,1.0020863,1.0029647,1,216,242,180,107
"113",5,155,1.0021961,1.002855,1.0020863,1.0029647,1,518,242,180,107
"114",5,156,1.0021961,1.002855,1.0020863,1.0029647,1,518,242,180,107
"115",5,157,1.0021961,1.002855,1.0020863,1.0029647,1,518,242,180,107
"116",5,158,1.0021961,1.002855,1.0020863,1.0029647,1,518,200,180,107
"117",5,159,1.0021961,1.002855,1.0020863,1.0029647,1,518,200,180,107
"118",5,160,1.0020863,1.0025256,1.0019765,1.0026354,200,200,100,100,107
"119",5,161,1.0020863,1.0025256,1.0019765,1.0026354,200,100,100,100,107
"120",5,162,1.0020863,1.0025256,1.0018667,1.0026354,200,402,104,100,107
"121",5,163,1.0020863,1.0025256,1.0018667,1.0027452,200,302,104,354,107
"122",5,164,1.0020863,1.0025256,1.0018667,1.0027452,200,302,204,354,107
"123",5,165,1.0020863,1.0025256,1.0019765,1.0027452,200,200,100,300,107
"124",5,166,1.0020863,1.0025256,1.0019765,1.0027452,200,202,100,300,107
"125",5,168,1.0020863,1.0025256,1.0019765,1.0027452,205,202,100,300,107
"126",5,170,1.0020863,1.0025256,1.0019765,1.0026354,205,202,100,100,107
"127",5,171,1.0020863,1.0025256,1.0019765,1.0027452,205,202,100,300,107
"128",5,172,1.0024158,1.002855,1.0021961,1.0029647,5,305,100,80,107
"129",5,173,1.0024158,1.002855,1.0023059,1.0029647,5,205,7,80,107
"130",5,174,1.0024158,1.002855,1.0023059,1.0029647,5,305,7,80,107
"131",5,175,1.0024158,1.002855,1.0023059,1.0029647,5,305,7,80,107
"132",5,176,1.0024158,1.002855,1.0021961,1.0029647,12,205,200,20,107
"133",5,177,1.0024158,1.002855,1.0021961,1.0029647,12,105,200,78,107
"134",5,183,1.002855,1.003404,1.0027452,1.0037334,100,100,200,100,107
"135",5,184,1.002855,1.003404,1.0027452,1.0035138,9,100,100,58,107
"136",5,185,1.002855,1.0032941,1.0027452,1.003404,9,200,100,100,107
"137",5,186,1.002855,1.0032941,1.0027452,1.0035138,9,200,200,58,107
"138",5,187,1.002855,1.0035138,1.0027452,1.0036236,9,58,205,200,107
"139",5,188,1.002855,1.0035138,1.0027452,1.0036236,9,58,205,200,107
"140",5,189,1.002855,1.0035138,1.0027452,1.0036236,9,58,105,200,107
"141",5,190,1.002855,1.0035138,1.0027452,1.0036236,9,58,205,200,107
"142",5,191,1.002855,1.0035138,1.0027452,1.0036236,9,58,305,100,107
"143",5,192,1.002855,1.003404,1.0027452,1.0035138,9,7,305,58,107
"144",5,193,1.002855,1.003404,1.0027452,1.0036236,9,7,305,100,107
"145",5,195,1.002855,1.003404,1.0027452,1.0036236,9,7,305,100,107
"146",5,197,1.002855,1.003404,1.0027452,1.0036236,9,7,305,100,107
"147",5,198,1.002855,1.003404,1.0027452,1.0035138,9,7,105,58,107
"148",5,199,1.002855,1.003404,1.0027452,1.0035138,9,112,205,58,107
"149",5,200,1.002855,1.003404,1.0027452,1.0036236,9,12,305,100,107
"150",5,201,1.002855,1.003404,1.0027452,1.0035138,9,212,305,58,107
"151",5,202,1.002855,1.003404,1.0027452,1.0035138,9,12,305,58,107
"152",5,204,1.002855,1.003404,1.0027452,1.0036236,109,12,205,100,107
"153",5,205,1.002855,1.0036236,1.0027452,1.003953,109,241,200,100,107
"154",5,206,1.002855,1.0036236,1.0027452,1.003953,100,241,200,100,107
"155",5,207,1.0029647,1.0036236,1.002855,1.003953,7,241,100,100,107
"156",5,208,1.0029647,1.0036236,1.002855,1.003953,7,241,100,100,107
"157",5,209,1.0029647,1.0036236,1.002855,1.003953,7,241,105,100,107
"158",5,213,1.0029647,1.0038432,1.002855,1.0040628,221,400,200,360,107
"159",5,214,1.0029647,1.0038432,1.002855,1.003953,221,100,200,100,107
"160",5,215,1.0029647,1.0038432,1.002855,1.0040628,221,100,200,360,107
"161",5,216,1.0029647,1.0038432,1.002855,1.0040628,221,100,200,260,107
"162",5,217,1.0029647,1.0038432,1.002855,1.0040628,221,100,200,160,107
"163",5,218,1.0029647,1.0038432,1.002855,1.0040628,321,100,200,60,107
"164",5,220,1.0029647,1.0038432,1.002855,1.0040628,321,100,200,60,107
"165",5,221,1.003404,1.0040628,1.0031843,1.0041726,114,360,100,200,107
"166",5,222,1.003404,1.0040628,1.0031843,1.0041726,114,260,100,200,107
"167",5,224,1.003404,1.0040628,1.0031843,1.0041726,214,260,100,200,107
"168",5,225,1.003404,1.0040628,1.0031843,1.0041726,214,392,100,200,107
"169",5,226,1.003404,1.0040628,1.0031843,1.0041726,214,192,100,200,107
"170",5,230,1.003404,1.0040628,1.0031843,1.0041726,314,132,157,200,107
"171",5,232,1.003404,1.0040628,1.0031843,1.0041726,314,189,157,200,107
"172",5,236,1.003404,1.0040628,1.0031843,1.0041726,314,190,100,200,107
"173",5,240,1.003404,1.0040628,1.0031843,1.0041726,314,158,100,200,107
"174",5,243,1.003404,1.0040628,1.0031843,1.0041726,315,158,100,200,107
"175",5,247,1.003404,1.0040628,1.0031843,1.0041726,315,158,157,200,107
"176",5,248,1.003404,1.0040628,1.0031843,1.0041726,315,101,157,200,107
"177",5,250,1.003404,1.0041726,1.0031843,1.0042825,315,200,157,1,107
"178",5,251,1.003404,1.0041726,1.0031843,1.0042825,315,200,157,101,107
"179",5,252,1.003404,1.0040628,1.0031843,1.0041726,315,154,157,300,107
"180",5,260,1.003404,1.0040628,1.0031843,1.0041726,315,154,100,300,107
"181",5,261,1.003404,1.0040628,1.0031843,1.0041726,315,154,157,300,107
"182",5,263,1.003404,1.0040628,1.0031843,1.0041726,315,154,100,300,107
"183",5,265,1.003404,1.0040628,1.0031843,1.0041726,315,154,157,300,107
"184",5,266,1.003404,1.0040628,1.0032941,1.0041726,315,154,100,300,107
"185",5,267,1.003404,1.0040628,1.0032941,1.0041726,315,355,100,300,107
"186",5,268,1.002855,1.0031843,1.0027452,1.0032941,1,200,16,200,107
"187",5,269,1.002855,1.0031843,1.0027452,1.0032941,1,200,18,200,107
"188",5,270,1.002855,1.003404,1.0027452,1.0036236,200,100,309,100,107
"189",5,271,1.0029647,1.003404,1.0027452,1.0036236,7,100,309,100,107
"190",5,273,1.0029647,1.003404,1.0027452,1.0036236,7,100,300,100,107
"191",5,277,1.0029647,1.003404,1.0027452,1.0036236,7,102,300,100,107
"192",5,278,1.0029647,1.003404,1.0027452,1.0035138,7,102,100,100,107
"193",5,280,1.0025256,1.003404,1.0024158,1.0035138,300,102,60,200,107
"194",5,281,1.0025256,1.0031843,1.0024158,1.003404,200,100,60,102,107
"195",5,282,1.0024158,1.0031843,1.0023059,1.0032941,3,100,222,101,107
"196",5,283,1.0024158,1.0031843,1.0023059,1.0032941,3,157,4,101,107
"197",5,285,1.0024158,1.0031843,1.0023059,1.0032941,10,157,4,101,107
"198",5,290,1.0024158,1.0031843,1.0023059,1.0032941,10,359,4,101,107
"199",5,291,1.0024158,1.0031843,1.0023059,1.0032941,10,259,4,101,107
"200",5,292,1.0024158,1.0031843,1.0023059,1.0032941,10,157,4,101,107
"201",5,294,1.0024158,1.0031843,1.0023059,1.0032941,10,100,4,156,107
"202",5,300,1.0024158,1.0031843,1.0023059,1.0032941,210,100,4,156,107
"203",5,302,1.0024158,1.0031843,1.0023059,1.0032941,311,100,4,156,107
"204",5,303,1.0024158,1.0030745,1.0023059,1.0031843,108,101,4,100,107
"205",5,304,1.0024158,1.0030745,1.0023059,1.0031843,108,201,4,100,107
"206",5,305,1.0024158,1.0030745,1.0023059,1.0031843,108,401,4,100,107
"207",5,307,1.0024158,1.0030745,1.0023059,1.0031843,108,409,4,100,107
"208",5,310,1.0024158,1.0030745,1.0023059,1.0031843,108,408,4,100,107
"209",5,311,1.0024158,1.0030745,1.0023059,1.0032941,108,308,4,156,107
"210",5,312,1.0024158,1.0030745,1.0023059,1.0032941,108,200,4,156,107
"211",5,315,1.0024158,1.0030745,1.0023059,1.0031843,108,200,4,100,107
"212",5,316,1.0024158,1.0030745,1.0023059,1.0031843,109,200,4,100,107
"213",5,317,1.0024158,1.0029647,1.0023059,1.0030745,109,500,4,101,107
"214",5,318,1.0024158,1.0029647,1.0023059,1.0030745,109,200,4,101,107
"215",5,320,1.0024158,1.0029647,1.0023059,1.0030745,109,401,4,101,107
"216",5,321,1.0019765,1.0025256,1.0018667,1.0026354,4,100,157,110,107
"217",5,322,1.0019765,1.0025256,1.0017569,1.0026354,4,200,124,200,107
"218",5,323,1.0019765,1.0025256,1.0017569,1.0026354,4,300,124,200,107
"219",5,324,1.0019765,1.0025256,1.0017569,1.0026354,4,300,124,100,107
"220",5,325,1.0019765,1.0025256,1.0018667,1.0026354,4,400,100,100,107
"221",5,326,1.0017569,1.0023059,1.0014275,1.0024158,124,10,100,100,107
"222",5,327,1.0017569,1.0023059,1.0014275,1.0024158,125,208,100,100,107
"223",5,328,1.0017569,1.0023059,1.0014275,1.0024158,124,208,100,100,107
"224",5,329,1.0017569,1.0023059,1.0014275,1.0024158,124,208,200,100,107
"225",5,330,1.0017569,1.0023059,1.0015373,1.0024158,124,312,200,100,107
"226",5,335,1.0017569,1.0023059,1.0015373,1.0024158,224,312,200,100,107
"227",5,336,1.0017569,1.0023059,1.0015373,1.0024158,224,312,100,100,107
"228",5,337,1.0017569,1.0023059,1.0015373,1.0024158,224,212,100,100,107
"229",5,338,1.0017569,1.0023059,1.0015373,1.0024158,224,212,100,100,107
"230",5,339,1.0017569,1.0023059,1.0015373,1.0024158,224,208,100,100,107
"231",5,340,1.0017569,1.0023059,1.0015373,1.0024158,224,210,100,100,107
"232",5,341,1.0017569,1.0023059,1.0015373,1.0024158,224,210,100,100,107
"233",5,342,1.0020863,1.0027452,1.0019765,1.002855,100,156,36,203,107
"234",5,343,1.0023059,1.0027452,1.0021961,1.002855,100,101,101,203,107
"235",5,344,1.0023059,1.0027452,1.0021961,1.002855,102,101,100,203,107
"236",5,345,1.0023059,1.0027452,1.0021961,1.002855,102,101,100,303,107
"237",5,347,1.0023059,1.0027452,1.0021961,1.002855,202,101,100,3,107
"238",5,348,1.0023059,1.0027452,1.0021961,1.002855,102,201,100,3,107
"239",5,349,1.0023059,1.0027452,1.0020863,1.002855,101,201,100,3,107
"240",5,350,1.0023059,1.0027452,1.0020863,1.002855,101,401,100,3,107
"241",5,352,1.0023059,1.0027452,1.0020863,1.002855,101,301,100,3,107
"242",5,353,1.0023059,1.0027452,1.0021961,1.002855,201,401,100,3,107
"243",5,354,1.0025256,1.0029647,1.0023059,1.0030745,5,1,301,312,107
"244",5,355,1.0025256,1.0029647,1.0023059,1.0030745,117,1,200,312,107
"245",5,356,1.0025256,1.0029647,1.0023059,1.0030745,217,1,200,312,107
"246",5,357,1.0025256,1.0029647,1.0023059,1.0030745,221,1,200,312,107
"247",5,359,1.0025256,1.0029647,1.0023059,1.0030745,221,1,100,312,107
"248",5,365,1.0025256,1.0029647,1.0021961,1.0030745,321,1,100,312,107
"249",5,366,1.0025256,1.0029647,1.0021961,1.0030745,321,1,100,312,107
"250",5,372,1.0025256,1.0029647,1.0021961,1.0030745,221,1,100,312,107
"251",5,375,1.0020863,1.0025256,1.0018667,1.0027452,3,100,108,60,107
"252",5,376,1.0020863,1.0027452,1.0018667,1.002855,3,60,168,300,107
"253",5,379,1.0020863,1.0026354,1.0018667,1.0027452,3,100,8,60,107
"254",5,380,1.0020863,1.002855,1.0018667,1.0029647,3,100,168,101,107
"255",5,381,1.0020863,1.0027452,1.0018667,1.002855,3,60,168,100,107
"256",5,382,1.0020863,1.002855,1.0018667,1.0029647,3,100,168,101,107
"257",5,385,1.0021961,1.0029647,1.0020863,1.0030745,11,1,3,312,107
"258",5,388,1.0021961,1.0029647,1.0020863,1.0030745,11,1,3,312,107
"259",5,389,1.0021961,1.0029647,1.0020863,1.0030745,11,101,3,312,107
"260",5,393,1.0021961,1.0029647,1.0020863,1.0030745,11,1,3,312,107
"261",5,394,1.0021961,1.0029647,1.0020863,1.0030745,11,101,3,312,107
"262",5,395,1.0021961,1.0029647,1.0020863,1.0030745,11,1,103,312,107
"263",5,396,1.0021961,1.0029647,1.0020863,1.0030745,111,1,103,312,107
"264",5,400,1.0023059,1.0029647,1.0021961,1.0030745,154,1,111,312,107
"265",5,401,1.0023059,1.0029647,1.0021961,1.0030745,71,1,100,312,107
"266",5,404,1.0023059,1.0029647,1.0021961,1.0030745,71,1,100,412,107
"267",5,406,1.0023059,1.0029647,1.0021961,1.0030745,71,1,100,312,107
"268",5,417,1.0023059,1.0029647,1.0021961,1.0030745,71,1,100,412,107
"269",5,423,1.0023059,1.0029647,1.0021961,1.0030745,171,1,100,412,107
"270",5,424,1.0023059,1.0029647,1.0021961,1.0030745,276,1,200,412,107
"271",5,425,1.0023059,1.0029647,1.0021961,1.0030745,276,1,298,412,107
"272",5,427,1.0023059,1.0029647,1.0021961,1.0030745,376,1,198,312,107
"273",5,428,1.0023059,1.0029647,1.0021961,1.0030745,376,1,198,312,107
"274",5,429,1.0024158,1.0029647,1.0023059,1.0030745,127,1,354,312,107
"275",5,431,1.0027452,1.0031843,1.0025256,1.0032941,328,7,100,110,107
"276",5,432,1.0027452,1.0031843,1.0025256,1.0032941,228,7,100,110,107
"277",5,433,1.0027452,1.0031843,1.0025256,1.0032941,328,107,100,110,107
"278",5,436,1.0027452,1.0031843,1.0025256,1.0032941,128,107,100,110,107
"279",5,441,1.0027452,1.0031843,1.0025256,1.0032941,128,407,100,110,107
"280",5,442,1.0027452,1.0031843,1.0025256,1.0032941,128,207,100,110,107
"281",5,443,1.0027452,1.0031843,1.0025256,1.0032941,128,307,100,110,107
"282",5,444,1.0023059,1.002855,1.0021961,1.0029647,109,300,220,100,107
"283",5,445,1.0021961,1.0024158,1.0020863,1.0027452,225,100,3,100,107
"284",5,446,1.0021961,1.0027452,1.0020863,1.002855,225,100,3,258,107
"285",5,447,1.0021961,1.0027452,1.0020863,1.002855,225,300,3,258,107
"286",5,449,1.0021961,1.0026354,1.0020863,1.0027452,222,200,3,100,107
"287",5,450,1.0021961,1.0026354,1.0020863,1.0027452,297,200,3,100,107
"288",5,451,1.0021961,1.0026354,1.0020863,1.0027452,297,200,3,100,107
"289",5,452,1.0021961,1.0026354,1.0020863,1.0027452,297,200,3,100,107
"290",5,453,1.0021961,1.0026354,1.0020863,1.0027452,297,300,3,100,107
"291",5,455,1.0015373,1.0021961,1.0014275,1.0025256,200,5,100,100,107
"292",5,456,1.0008785,1.0020863,1.0007687,1.0021961,67,222,100,201,107
"293",5,457,1.0008785,1.0017569,1.0007687,1.0018667,204,200,100,1,107
"294",5,458,1.0008785,1.0017569,1.0007687,1.0018667,204,201,100,100,107
"295",5,459,1.0008785,1.0017569,1.0007687,1.0018667,204,201,200,100,107
"296",5,460,1.0008785,1.0017569,1.0007687,1.0019765,204,301,200,100,107
"297",5,461,1.001098,1.0017569,1.0009882,1.0019765,205,101,154,100,107
"298",5,462,1.001098,1.0017569,1.0009882,1.0019765,305,101,154,100,107
"299",5,463,1.001098,1.0017569,1.0009882,1.0019765,405,101,154,100,107
"300",5,464,1.0012078,1.0017569,1.001098,1.0019765,200,101,105,100,107
"301",5,465,1.0012078,1.0017569,1.001098,1.0019765,200,101,205,100,107
"302",5,466,1.0012078,1.0017569,1.001098,1.0019765,207,101,200,100,107
"303",5,473,1.0012078,1.0017569,1.001098,1.0019765,307,101,200,100,107
"304",5,474,1.0014275,1.0019765,1.0013176,1.0020863,10,156,300,200,107
"305",5,475,1.0014275,1.0019765,1.0013176,1.0023059,10,56,300,361,107
"306",5,476,1.0018667,1.0024158,1.0017569,1.0025256,200,1,100,112,107
"307",5,477,1.0018667,1.0024158,1.0017569,1.0025256,11,1,100,112,107
"308",5,478,1.0018667,1.0024158,1.0017569,1.0025256,11,1,200,112,107
"309",5,479,1.0018667,1.0024158,1.0017569,1.0025256,18,1,200,112,107
"310",5,480,1.0018667,1.0024158,1.0017569,1.0025256,18,1,200,112,107
"311",5,481,1.0018667,1.0024158,1.0017569,1.0025256,18,1,100,112,107
"312",5,482,1.0018667,1.0024158,1.0017569,1.0025256,18,1,100,212,107
"313",5,483,1.0018667,1.0024158,1.0017569,1.0025256,318,1,200,212,107
"314",5,484,1.0018667,1.0024158,1.0017569,1.0025256,318,1,256,312,107
"315",5,485,1.0020863,1.0026354,1.0019765,1.0027452,100,2,100,12,107
"316",5,486,1.0020863,1.0026354,1.0019765,1.0027452,22,2,100,12,107
"317",5,487,1.0020863,1.0026354,1.0019765,1.0027452,22,2,100,112,107
"318",5,488,1.0020863,1.0026354,1.0018667,1.0027452,22,2,400,112,107
"319",5,491,1.0020863,1.0026354,1.0019765,1.0027452,22,2,100,112,107
"320",5,494,1.0020863,1.0026354,1.0018667,1.0027452,23,202,100,112,107
"321",5,495,1.0020863,1.0026354,1.0018667,1.0027452,23,2,256,112,107
"322",5,497,1.0020863,1.0026354,1.0018667,1.0027452,23,2,256,112,107
"323",5,498,1.0020863,1.0026354,1.0018667,1.0027452,23,2,256,112,107
"324",5,499,1.0020863,1.0026354,1.0019765,1.0027452,23,2,100,112,107
"325",5,500,1.0020863,1.0026354,1.0018667,1.0027452,23,2,256,112,107
"326",5,501,1.0020863,1.0026354,1.0019765,1.0027452,23,2,100,112,107
"327",5,502,1.0020863,1.0026354,1.0019765,1.0027452,23,2,100,137,107
"328",5,507,1.0020863,1.0026354,1.0018667,1.0027452,223,2,256,137,107
"329",5,509,1.0020863,1.0026354,1.0018667,1.0027452,123,2,256,137,107
"330",5,511,1.0020863,1.0026354,1.0019765,1.0027452,123,2,100,137,107
"331",5,512,1.0020863,1.0026354,1.0019765,1.0027452,123,2,100,137,107
"332",5,513,1.0020863,1.0026354,1.0018667,1.0027452,124,2,156,137,107
"333",5,514,1.0020863,1.0026354,1.0018667,1.0027452,124,2,256,137,107
"334",5,515,1.0020863,1.0026354,1.0019765,1.0027452,124,2,100,137,107
"335",5,516,1.0020863,1.0026354,1.0019765,1.0027452,124,2,100,137,107
"336",5,519,1.0020863,1.0026354,1.0019765,1.0027452,124,2,100,137,107
"337",5,520,1.0020863,1.0026354,1.0018667,1.0027452,124,9,256,137,107
"338",5,521,1.0020863,1.0026354,1.0018667,1.0027452,124,14,256,137,107
"339",5,522,1.0020863,1.0026354,1.0018667,1.0027452,124,14,256,137,107
"340",5,523,1.0020863,1.0026354,1.0018667,1.0027452,9,214,127,138,107
"341",5,524,1.0016471,1.0023059,1.0013176,1.0024158,291,32,100,157,107
"342",5,525,1.0016471,1.0019765,1.0013176,1.0021961,200,7,100,100,107
"343",5,526,1.0016471,1.0019765,1.0014275,1.0021961,201,7,100,100,107
"344",5,528,1.0016471,1.0021961,1.0014275,1.0023059,201,102,100,25,107
"345",5,529,1.0016471,1.0021961,1.0014275,1.0023059,201,302,100,25,107
"346",5,530,1.0016471,1.0021961,1.0014275,1.0023059,201,402,100,25,107
"347",5,531,1.0016471,1.0020863,1.0014275,1.0021961,201,170,100,302,107
"348",5,532,1.0016471,1.0020863,1.0014275,1.0021961,201,170,100,301,107
"349",5,533,1.0016471,1.0020863,1.0014275,1.0021961,201,170,100,300,107
"350",5,534,1.0016471,1.0020863,1.0014275,1.0021961,201,170,100,300,107
"351",5,535,1.0016471,1.0020863,1.0014275,1.0021961,201,172,100,300,107
"352",5,537,1.0016471,1.0020863,1.0014275,1.0021961,201,273,100,300,107
"353",5,538,1.0016471,1.0020863,1.0014275,1.0021961,201,173,100,300,107
"354",5,540,1.0016471,1.0020863,1.0014275,1.0021961,201,170,100,300,107
"355",5,544,1.0016471,1.0020863,1.0014275,1.0021961,201,171,100,300,107
"356",5,545,1.0016471,1.0019765,1.0014275,1.0020863,201,95,100,300,107
"357",5,549,1.0016471,1.0019765,1.0014275,1.0020863,201,95,100,300,107
"358",5,551,1.0012078,1.0015373,1.0006589,1.0016471,9,70,100,25,107
"359",5,552,1.0008785,1.0015373,1.0005491,1.0017569,9,70,200,200,107
"360",5,553,1.0008785,1.0014275,1.0006589,1.0016471,9,395,100,100,107
"361",5,554,1.0008785,1.0014275,1.0005491,1.0016471,9,395,200,100,107
"362",5,555,1.0008785,1.0014275,1.0005491,1.0016471,16,395,200,100,107
"363",5,556,1.0008785,1.0014275,1.0005491,1.0016471,16,395,200,100,107
"364",5,557,1.0008785,1.0014275,1.0007687,1.0015373,7,395,11,100,107
"365",5,558,1.0008785,1.0014275,1.0006589,1.0015373,7,495,11,100,107
"366",5,559,1.0008785,1.0014275,1.0006589,1.0015373,7,395,11,100,107
"367",5,560,1.0008785,1.0014275,1.0006589,1.0015373,7,395,11,100,107
"368",5,561,1.0008785,1.0014275,1.0006589,1.0015373,7,395,11,100,107
"369",5,562,1.0008785,1.0014275,1.0005491,1.0016471,20,395,200,100,107
"370",5,563,1.0008785,1.0014275,1.0007687,1.0016471,7,395,13,100,107
"371",5,564,1.0008785,1.0014275,1.0007687,1.0015373,7,395,13,100,107
"372",5,565,1.0008785,1.0014275,1.0007687,1.0015373,7,395,13,100,107
"373",5,566,1.0008785,1.0014275,1.0007687,1.0015373,7,395,13,100,107
"374",5,567,1.0008785,1.0014275,1.0007687,1.0015373,7,395,13,100,107
"375",5,568,1.0008785,1.0014275,1.0007687,1.0016471,22,395,100,100,107
"376",5,571,1.0008785,1.0014275,1.0007687,1.0015373,22,395,100,100,107
"377",5,572,1.0008785,1.0014275,1.0007687,1.0016471,22,195,100,100,107
"378",5,575,1.0008785,1.0014275,1.0007687,1.0017569,22,196,100,100,107
"379",5,576,1.0008785,1.0014275,1.0007687,1.0016471,22,196,100,100,107
"380",5,577,1.0008785,1.0014275,1.0007687,1.0017569,22,196,100,100,107
"381",5,578,1.0008785,1.0014275,1.0007687,1.0016471,22,195,100,100,107
"382",5,580,1.0008785,1.0014275,1.0007687,1.0016471,22,196,100,100,107
"383",5,581,1.0008785,1.0014275,1.0007687,1.0015373,22,195,100,100,107
"384",5,583,1.0008785,1.0014275,1.0007687,1.0016471,22,195,100,100,107
"385",5,584,1.0008785,1.0014275,1.0007687,1.0016471,22,195,100,100,107
"386",5,585,1.0008785,1.0014275,1.0007687,1.0017569,22,95,100,100,107
"387",5,586,1.0008785,1.0012078,1.0007687,1.0014275,22,5,100,95,107
"388",5,587,1.0013176,1.0016471,1.0012078,1.0020863,122,100,100,100,107
"389",5,588,1.0013176,1.0020863,1.0012078,1.0021961,122,100,100,420,107
"390",5,589,1.0013176,1.0018667,1.0012078,1.0019765,122,159,100,100,107
"391",5,591,1.0013176,1.0020863,1.0012078,1.0021961,122,100,100,420,107
"392",5,592,1.0013176,1.0020863,1.0012078,1.0021961,22,100,100,320,107
"393",5,593,1.0013176,1.0020863,1.0012078,1.0021961,22,100,100,322,107
"394",5,595,1.0013176,1.0020863,1.0012078,1.0021961,22,202,100,222,107
"395",5,596,1.0013176,1.0020863,1.0012078,1.0021961,22,102,100,222,107
"396",5,598,1.0013176,1.0019765,1.0012078,1.0020863,22,100,100,102,107
"397",5,599,1.0013176,1.0019765,1.0012078,1.0020863,22,100,100,100,107
"398",11,0,1.0006561,1.0013121,1.0005467,1.0015309,44,154,201,300,107
"399",11,1,1.0006561,1.0013121,1.0005467,1.0015309,45,154,200,300,107
"400",11,3,1.0006561,1.0013121,1.0005467,1.0015309,45,154,200,300,107
"401",11,4,1.0006561,1.0013121,1.0005467,1.0015309,145,154,200,300,107
"402",11,5,1.0006561,1.0013121,1.0005467,1.0015309,145,155,200,300,107
"403",11,8,1.0006561,1.0013121,1.0005467,1.0014216,145,155,200,100,107
"404",11,9,1.0006561,1.0012028,1.0005467,1.0013121,145,100,200,155,107
"405",11,10,1.0006561,1.0009842,1.0005467,1.0013121,146,100,200,55,107
"406",11,11,1.0006561,1.0009842,1.0005467,1.0013121,146,200,200,55,107
"407",11,13,1.0006561,1.0009842,1.0005467,1.0013121,146,200,200,54,107
"408",11,15,1.0006561,1.0009842,1.0005467,1.0013121,146,200,200,154,107
"409",11,16,1.0006561,1.0009842,1.0005467,1.0013121,188,200,200,154,107
"410",11,22,1.0006561,1.0009842,1.0005467,1.0013121,187,200,200,154,107
"411",11,29,1.0006561,1.0009842,1.0005467,1.0013121,187,203,200,154,107
"412",11,37,1.0004374,1.0008748,1.0003281,1.0009842,101,100,100,200,107
"413",11,38,1.0004374,1.0007654,1.0003281,1.0008748,102,300,100,100,107
"414",11,39,1.0004374,1.0008748,1.0003281,1.0009842,101,100,100,200,107
"415",11,40,1.0004374,1.0008748,1.0003281,1.0009842,101,100,100,200,107
"416",11,41,1.0004374,1.0007654,1.0003281,1.0008748,101,3,100,100,107
"417",11,42,1.0003281,1.0006561,1.0002187,1.0007654,200,300,39,57,107
"418",11,43,1.0003281,1.0006561,1.0002187,1.0007654,210,1,39,57,107
"419",11,44,1.0003281,1.0006561,1.0002187,1.0007654,210,301,39,57,107
"420",11,45,1.0003281,1.0006561,1.0002187,1.0007654,210,201,39,57,107
"421",11,46,1.0003281,1.0006561,1.0002187,1.0007654,210,101,39,57,107
"422",11,47,1.0003281,1.0006561,1.0002187,1.0007654,210,101,39,57,107
"423",11,50,1.0003281,1.0006561,0.9997813,1.0007654,210,101,154,57,107
"424",11,51,1.0003281,1.0006561,0.9997813,1.0007654,311,101,154,57,107
"425",11,52,1.0003281,1.0006561,0.9997813,1.0007654,211,101,154,57,107
"426",11,69,1.0003281,1.0006561,0.9997813,1.0007654,211,201,154,57,107
"427",11,71,1.0003281,1.0006561,0.9997813,1.0008748,211,201,154,200,107
"428",11,73,1.0003281,1.0006561,0.9997813,1.0007654,100,201,154,57,107
"429",11,74,1.0003281,1.0006561,0.9997813,1.0007654,100,101,154,57,107
"430",11,77,1.0003281,1.0006561,0.9997813,1.0007654,230,101,154,57,107
"431",11,85,1.0003281,1.0006561,0.9997813,1.0008748,230,101,154,100,107
"432",11,93,1.0003281,1.0006561,0.9997813,1.0007654,230,101,154,60,107
"433",11,102,1.0003281,1.0006561,0.9997813,1.0008748,230,101,154,100,107
"434",11,106,1.0004374,1.0009842,1.0003281,1.0013121,542,100,230,54,107
"435",11,107,1.0003281,1.0009842,1,1.0013121,430,200,100,54,107
"436",11,108,1.0003281,1.0009842,1,1.0013121,430,300,200,54,107
"437",11,112,1.0003281,1.0009842,1,1.0013121,430,300,300,54,107
"438",11,114,1.0003281,1.0009842,1,1.0013121,430,300,300,59,107
"439",11,117,1.0003281,1.0009842,1,1.0013121,433,400,300,59,107
"440",11,118,1.0003281,1.0009842,1,1.0010935,333,400,300,100,107
"441",11,119,1.0003281,1.0009842,1,1.0013121,333,400,300,59,107
"442",11,121,1.0003281,1.0009842,1,1.0010935,333,400,300,10,107
"443",11,124,1.0004374,1.0009842,1.0003281,1.0010935,1,500,333,10,107
"444",11,125,1.0004374,1.0009842,1.0003281,1.0010935,1,500,233,10,107
"445",11,126,1.0004374,1.0009842,1.0003281,1.0010935,1,400,233,10,107
"446",11,131,1.0004374,1.0009842,1.0003281,1.0010935,1,600,233,110,107
"447",11,132,1.0004374,1.0009842,1.0003281,1.0010935,1,600,230,10,107
"448",11,133,1.0004374,1.0009842,1.0003281,1.0010935,1,500,230,10,107
"449",11,137,1.0004374,1.0009842,1.0003281,1.0010935,1,500,100,10,107
"450",11,141,1.0004374,1.0009842,1.0003281,1.0010935,1,500,100,10,107
"451",11,142,1.0004374,1.0009842,1.0003281,1.0010935,1,500,100,10,107
"452",11,144,1.0004374,1.0009842,1.0003281,1.0010935,1,500,100,10,107
"453",11,147,1.0004374,1.0009842,1.0003281,1.0010935,1,600,100,110,107
"454",11,148,1.0004374,1.0009842,1.0003281,1.0010935,1,600,100,110,107
"455",11,150,1.0004374,1.0009842,1.0003281,1.0010935,1,600,100,110,107
"456",11,151,1.0004374,1.0009842,1.0003281,1.0010935,1,500,100,10,107
"457",11,156,1.0004374,1.0009842,1.0003281,1.0010935,1,500,100,10,107
"458",11,157,1.0004374,1.0009842,1.0003281,1.0010935,1,500,100,110,107
"459",11,159,1.0004374,1.0009842,1.0003281,1.0010935,1,601,100,110,107
"460",11,160,1.0004374,1.0009842,1.0003281,1.0010935,1,601,100,10,107
"461",11,161,1.0004374,1.0009842,1.0003281,1.0010935,1,601,100,10,107
"462",11,162,1.0004374,1.0009842,1.0003281,1.0010935,1,601,100,110,107
"463",11,163,1.0004374,1.0009842,1.0003281,1.0010935,1,601,100,10,107
"464",11,164,1.0004374,1.0009842,1.0003281,1.0010935,1,601,100,110,107
"465",11,165,1.0004374,1.0009842,1.0003281,1.0010935,1,601,100,110,107
"466",11,166,1.0004374,1.0009842,1.0003281,1.0010935,1,601,100,110,107
"467",11,167,1.0004374,1.0009842,1.0003281,1.0010935,1,601,100,10,107
"468",11,168,1.0004374,1.0009842,1.0003281,1.0010935,1,601,100,110,107
"469",11,169,1.0004374,1.0009842,1.0003281,1.0010935,1,601,100,110,107
"470",11,170,1.0004374,1.0009842,1.0003281,1.0010935,1,601,100,110,107
"471",11,171,1.0004374,1.0009842,1.0003281,1.0010935,1,601,100,110,107
"472",11,172,1.0004374,1.0009842,1.0003281,1.0010935,1,701,100,120,107
"473",11,173,1.0004374,1.0009842,1.0003281,1.0010935,1,701,100,20,107
"474",11,174,1.0004374,1.0009842,1.0003281,1.0010935,1,801,100,110,107
"475",11,175,1.0004374,1.0009842,1.0003281,1.0010935,1,801,100,110,107
"476",11,176,1.0004374,1.0009842,1.0003281,1.0010935,1,801,100,110,107
"477",11,177,1.0004374,1.0009842,1.0003281,1.0010935,1,801,100,10,107
"478",11,178,1.0004374,1.0009842,1.0003281,1.0010935,1,801,100,110,107
"479",11,179,1.0004374,1.0009842,1.0003281,1.0010935,1,801,100,110,107
"480",11,181,1.0004374,1.0009842,1.0003281,1.0010935,1,801,100,110,107
"481",11,182,1.0004374,1.0009842,1.0003281,1.0010935,1,701,100,10,107
"482",11,187,1.0004374,1.0009842,1.0003281,1.0010935,1,701,100,10,107
"483",11,192,1.0004374,1.0009842,1.0003281,1.0010935,1,801,100,10,107
"484",11,193,1.0004374,1.0009842,1.0003281,1.0010935,1,801,100,10,107
"485",11,194,1.0004374,1.0009842,1.0003281,1.0010935,1,701,100,10,107
"486",11,200,1.0004374,1.0009842,1.0003281,1.0010935,1,701,157,10,107
"487",11,208,1.0004374,1.0009842,1.0003281,1.0010935,1,801,100,10,107
"488",11,209,1.0004374,1.0009842,1.0003281,1.0010935,1,801,100,10,107
"489",11,210,1.0004374,1.0009842,1.0003281,1.0010935,2,701,100,10,107
"490",11,214,1.0004374,1.0009842,1.0003281,1.0010935,2,801,100,10,107
"491",11,215,1.0004374,1.0009842,1.0003281,1.0010935,2,804,100,10,107
"492",11,216,1.0004374,1.0009842,1.0003281,1.0010935,2,704,100,10,107
"493",11,218,1.0004374,1.0009842,1.0003281,1.0010935,2,705,100,10,107
"494",11,223,1.0004374,1.0009842,1.0003281,1.0010935,2,702,100,10,107
"495",11,224,1.0004374,1.0009842,1.0003281,1.0010935,2,702,100,10,107
"496",11,225,1.0004374,1.0009842,1.0003281,1.0010935,2,702,100,10,107
"497",11,226,1.0004374,1.0009842,1.0003281,1.0010935,2,702,100,10,107
"498",11,227,1.0004374,1.0009842,1.0003281,1.0010935,2,702,100,10,107
"499",11,228,1.0004374,1.0009842,1.0003281,1.0010935,2,602,100,10,107
"500",11,232,1.0004374,1.0009842,1.0003281,1.0010935,2,602,100,11,107
"501",11,236,1.0004374,1.0009842,1.0003281,1.0010935,2,602,100,11,107
"502",11,240,1.0004374,1.0009842,1.0003281,1.0010935,2,723,100,11,107
"503",11,248,1.0004374,1.0009842,1.0003281,1.0010935,2,723,100,11,107
"504",11,252,1.0004374,1.0009842,1.0003281,1.0010935,2,602,100,11,107
"505",11,253,1.0004374,1.0009842,1.0003281,1.0010935,2,677,100,11,107
"506",11,254,1.0004374,1.0009842,1.0003281,1.0010935,302,677,100,11,107
"507",11,256,1.0004374,1.0009842,1.0003281,1.0010935,202,677,100,11,107
"508",11,262,1.0004374,1.0009842,1.0003281,1.0010935,102,677,100,11,107
"509",11,263,1.0004374,1.0009842,1.0003281,1.0010935,102,677,159,21,107
"510",11,267,1.0004374,1.0009842,1.0003281,1.0010935,102,677,100,21,107
"511",11,270,1.0004374,1.0009842,1.0003281,1.0010935,102,677,100,31,107
"512",11,292,1.0004374,1.0009842,1.0003281,1.0010935,102,779,100,31,107
"513",11,293,1.0004374,1.0008748,1.0003281,1.0009842,86,101,100,595,107
"514",11,294,1.0003281,1.0008748,1.0001093,1.0009842,101,101,100,595,107
"515",11,295,1.0003281,1.0008748,1.0001093,1.0009842,101,201,100,495,107
"516",11,296,1.0003281,1.0008748,1.0001093,1.0009842,101,301,100,495,107
"517",11,301,1.0003281,1.0008748,1.0001093,1.0009842,201,301,100,495,107
"518",11,303,1.0003281,1.0006561,1.0001093,1.0008748,201,1,100,300,107
"519",11,304,1.0003281,1.0006561,1.0001093,1.0008748,201,1,100,300,107
"520",11,305,1.0003281,1.0008748,1.0001093,1.0009842,201,300,100,395,107
"521",11,309,1.0003281,1.0007654,1.0001093,1.0008748,201,200,100,200,107
"522",11,310,1.0003281,1.0007654,1.0001093,1.0008748,201,300,100,100,107
"523",11,313,1.0003281,1.0007654,1.0001093,1.0009842,201,300,100,500,107
"524",11,314,1.0003281,1.0006561,1.0002187,1.0007654,101,275,100,300,107
"525",11,315,1.0002187,1.0006561,1.0001093,1.0007654,100,375,100,100,107
"526",11,316,1.0002187,1.0006561,1.0001093,1.0007654,100,475,100,156,107
"527",11,317,1.0002187,1.0006561,1.0001093,1.0007654,230,475,100,56,107
"528",11,318,1.0002187,1.0006561,1.0001093,1.0007654,230,575,100,56,107
"529",11,320,1.0002187,1.0006561,1,1.0007654,230,575,100,56,107
"530",11,322,1.0002187,1.0006561,1,1.0007654,230,675,100,56,107
"531",11,323,1.0002187,1.0006561,1,1.0007654,230,575,100,56,107
"532",11,324,1.0002187,1.0006561,1,1.0007654,230,575,100,56,107
"533",11,325,1.0002187,1.0006561,1,1.0007654,230,575,100,56,107
"534",11,331,1.0002187,1.0006561,1,1.0009842,230,575,100,325,107
"535",11,335,1.0002187,1.0006561,1,1.0009842,230,675,100,325,107
"536",11,345,1.0002187,1.0006561,1,1.0009842,230,675,100,225,107
"537",11,346,1.0002187,1.0006561,1,1.0009842,230,675,100,325,107
"538",11,348,1.0002187,1.0006561,1,1.0009842,230,675,100,425,107
"539",11,364,1.0002187,1.0006561,1,1.0009842,230,675,100,425,107
"540",11,367,1.0002187,1.0006561,1,1.0009842,230,675,100,325,107
"541",11,369,1.0002187,1.0006561,1,1.0009842,230,675,100,225,107
"542",11,370,1.0002187,1.0006561,1,1.0009842,230,675,100,325,107
"543",11,374,1.0002187,1.0006561,1,1.0009842,230,675,100,325,107
"544",11,375,1.0002187,1.0006561,1,1.0009842,230,675,100,325,107
"545",11,376,1.0002187,1.0006561,1,1.0009842,230,675,100,325,107
"546",11,377,1.0002187,1.0006561,1,1.0009842,100,675,100,325,107
"547",11,379,1.0002187,1.0006561,1,1.0007654,200,675,100,17,107
"548",11,384,1.0004374,1.0009842,1.0003281,1.0010935,101,225,400,201,107
"549",11,386,1.0004374,1.0008748,1.0003281,1.0009842,101,300,300,225,107
"550",11,389,1.0004374,1.0008748,1.0003281,1.0009842,101,199,300,222,107
"551",11,390,1.0004374,1.0008748,1.0003281,1.0009842,101,199,300,220,107
"552",11,392,1.0004374,1.0008748,1.0003281,1.0009842,101,200,300,220,107
"553",11,393,1.0004374,1.0008748,1.0003281,1.0009842,101,201,300,220,107
"554",11,397,1.0004374,1.0008748,1.0003281,1.0009842,101,201,300,220,107
"555",11,403,1.0004374,1.0008748,1.0003281,1.0009842,101,201,300,320,107
"556",11,407,1.0004374,1.0008748,1.0003281,1.0009842,101,201,300,420,107
"557",11,408,1.0004374,1.0008748,1.0003281,1.0009842,101,201,300,320,107
"558",11,410,1.0004374,1.0008748,1.0003281,1.0009842,101,201,300,220,107
"559",11,411,1.0004374,1.0008748,1.0003281,1.0009842,101,303,300,220,107
"560",11,412,1.0004374,1.0008748,1.0003281,1.0009842,101,203,300,220,107
"561",11,415,1.0004374,1.0008748,1.0003281,1.0009842,101,203,300,320,107
"562",11,418,1.0004374,1.0008748,1.0003281,1.0009842,101,403,300,220,107
"563",11,419,1.0004374,1.0008748,1.0003281,1.0009842,101,303,300,220,107
"564",11,420,1.0004374,1.0008748,1.0003281,1.0009842,101,303,300,320,107
"565",11,421,1.0004374,1.0008748,1.0003281,1.0009842,101,403,300,220,107
"566",11,422,1.0004374,1.0008748,1.0003281,1.0009842,101,303,300,220,107
"567",11,425,1.0004374,1.0008748,1.0003281,1.0009842,101,405,300,220,107
"568",11,426,1.0004374,1.0008748,1.0003281,1.0009842,101,305,300,220,107
"569",11,427,1.0004374,1.0008748,1.0003281,1.0009842,101,405,300,220,107
"570",11,428,1.0004374,1.0008748,1.0003281,1.0009842,101,305,300,220,107
"571",11,431,1.0004374,1.0008748,1.0003281,1.0009842,101,405,300,220,107
"572",11,432,1.0004374,1.0008748,1.0003281,1.0009842,101,305,300,220,107
"573",11,437,1.0004374,1.0008748,1.0003281,1.0009842,101,205,300,220,107
"574",11,438,1.0004374,1.0008748,1.0003281,1.0009842,1,205,300,220,107
"575",11,440,1.0004374,1.0008748,1.0003281,1.0009842,1,205,400,220,107
"576",11,442,1.0004374,1.0008748,1.0003281,1.0009842,1,205,300,220,107
"577",11,443,1.0004374,1.0008748,1.0003281,1.0009842,1,305,300,220,107
"578",11,446,1.0004374,1.0008748,1.0003281,1.0009842,1,405,200,220,107
"579",11,447,1.0003281,1.0008748,1.0001093,1.0009842,200,503,100,320,107
"580",11,448,1.0003281,1.0008748,1.0001093,1.0009842,200,503,100,320,107
"581",11,449,1.0003281,1.0008748,1.0001093,1.0009842,200,501,100,320,107
"582",11,450,1.0003281,1.0008748,1.0001093,1.0009842,300,401,100,320,107
"583",11,451,1.0003281,1.0008748,1.0001093,1.0009842,300,503,100,320,107
"584",11,452,1.0003281,1.0008748,1.0001093,1.0009842,300,503,100,320,107
"585",11,453,1.0003281,1.0008748,1.0001093,1.0009842,288,501,100,320,107
"586",11,454,1.0003281,1.0007654,1.0001093,1.0008748,288,101,100,400,107
"587",11,456,1.0003281,1.0007654,1.0001093,1.0008748,288,1,100,400,107
"588",11,457,1,1.0005467,0.9997813,1.0006561,100,100,158,100,107
"589",11,458,1,1.0005467,0.9997813,1.0006561,100,102,58,100,107
"590",11,459,0.9998906,1.0005467,0.9997813,1.0006561,200,102,158,100,107
"591",11,460,0.9998906,1.0005467,0.9997813,1.0006561,100,102,158,258,107
"592",11,463,0.9998906,1.0005467,0.9997813,1.0006561,100,102,297,158,107
"593",11,464,0.9998906,1.0005467,0.9997813,1.0006561,100,102,197,158,107
"594",11,471,0.9997813,1.0005467,0.99967194,1.0006561,197,202,102,158,107
"595",11,476,0.9997813,1.0005467,0.99967194,1.0006561,197,502,102,58,107
"596",11,478,0.9998906,1.0005467,0.9997813,1.0006561,400,100,298,58,107
"597",11,479,1.0001093,1.0005467,0.9998906,1.0006561,10,100,200,58,107
"598",11,480,1.0001093,1.0005467,0.9998906,1.0006561,10,200,200,58,107
"599",11,485,1.0002187,1.0005467,1.0001093,1.0006561,185,200,5,110,107
"600",11,487,1.0002187,1.0005467,1.0001093,1.0007654,185,200,5,258,107
"601",11,492,1.0002187,1.0005467,1.0001093,1.0007654,185,100,5,258,107
"602",11,506,1.0002187,1.0005467,1.0001093,1.0007654,185,100,106,258,107
"603",11,507,1.0002187,1.0005467,1.0001093,1.0007654,185,100,6,258,107
"604",11,513,1.0002187,1.0005467,1.0001093,1.0006561,185,100,6,200,107
"605",11,515,1.0002187,1.0005467,1.0001093,1.0006561,185,100,6,100,107
"606",11,520,1.0002187,1.0005467,1.0001093,1.0006561,185,200,6,100,107
"607",11,521,1.0002187,1.0005467,1.0001093,1.0006561,185,199,6,100,107
"608",11,523,1.0002187,1.0005467,1.0001093,1.0006561,185,204,6,100,107
"609",11,525,1.0002187,1.0005467,1.0001093,1.0006561,185,204,6,100,107
"610",11,541,1.0002187,1.0005467,1.0001093,1.0006561,19,199,6,100,107
"611",11,542,1.0002187,1.0005467,1.0001093,1.0006561,19,199,1,100,107
"612",11,543,1.0002187,1.0005467,1.0001093,1.0006561,19,299,1,100,107
"613",11,544,1.0002187,1.0005467,1.0001093,1.0006561,19,199,1,100,107
"614",11,545,1.0002187,1.0005467,1.0001093,1.0006561,19,299,1,100,107
"615",11,546,1.0002187,1.0005467,1.0001093,1.0006561,19,299,1,100,107
"616",11,547,1.0002187,1.0005467,1.0001093,1.0006561,19,299,1,100,107
"617",11,548,1.0002187,1.0005467,1.0001093,1.0006561,19,299,1,100,107
"618",11,549,1.0002187,1.0005467,1.0001093,1.0006561,19,299,1,100,107
"619",11,550,1.0002187,1.0005467,1.0001093,1.0006561,19,299,1,100,107
"620",11,551,1.0002187,1.0005467,1.0001093,1.0006561,19,299,1,100,107
"621",11,552,1.0002187,1.0005467,1.0001093,1.0006561,19,199,1,100,107
"622",11,553,1.0002187,1.0005467,1.0001093,1.0006561,19,199,1,100,107
"623",11,554,1.0002187,1.0005467,1.0001093,1.0006561,19,299,1,100,107
"624",11,555,1.0002187,1.0005467,1.0001093,1.0006561,19,299,1,100,107
"625",11,556,1.0002187,1.0005467,1.0001093,1.0006561,19,299,1,100,107
"626",11,557,1.0002187,1.0005467,1.0001093,1.0006561,19,299,1,100,107
"627",11,558,1.0002187,1.0005467,1.0001093,1.0006561,19,299,1,100,107
"628",11,559,1.0002187,1.0005467,1.0001093,1.0006561,19,299,1,100,107
"629",11,560,1.0002187,1.0005467,1.0001093,1.0006561,19,199,1,100,107
"630",11,562,1.0002187,1.0005467,1.0001093,1.0006561,19,199,1,100,107
"631",11,563,1.0002187,1.0005467,1.0001093,1.0006561,19,199,1,100,107
"632",11,564,1.0002187,1.0005467,1.0001093,1.0006561,19,199,1,100,107
"633",11,565,1.0002187,1.0005467,1.0001093,1.0006561,19,299,1,100,107
"634",11,566,1.0002187,1.0005467,1.0001093,1.0006561,19,199,1,100,107
"635",11,568,1.0002187,1.0005467,1.0001093,1.0006561,19,200,1,100,107
"636",11,571,1.0002187,1.0005467,1.0001093,1.0006561,19,300,1,100,107
"637",11,572,1.0002187,1.0005467,1.0001093,1.0006561,19,300,1,100,107
"638",11,573,1.0002187,1.0005467,1.0001093,1.0006561,19,300,1,100,107
"639",11,574,1.0002187,1.0005467,1.0001093,1.0006561,19,300,1,100,107
"640",11,575,1.0002187,1.0005467,1.0001093,1.0006561,17,300,1,100,107
"641",11,576,1.0002187,1.0005467,1.0001093,1.0006561,17,300,1,100,107
"642",11,577,1.0002187,1.0005467,1.0001093,1.0006561,17,200,1,100,107
"643",11,578,1.0002187,1.0005467,1.0001093,1.0006561,17,300,1,100,107
"644",11,579,1.0002187,1.0005467,1.0001093,1.0006561,17,300,1,100,107
"645",11,580,1.0002187,1.0005467,1.0001093,1.0006561,17,200,1,100,107
"646",11,581,1.0002187,1.0005467,1.0001093,1.0006561,17,300,1,100,107
"647",11,582,1.0002187,1.0005467,1.0001093,1.0006561,17,300,1,100,107
"648",11,583,1.0002187,1.0005467,1.0001093,1.0006561,17,300,1,100,107
"649",11,584,1.0002187,1.0005467,1.0001093,1.0006561,17,300,1,100,107
"650",11,585,1.0002187,1.0005467,1.0001093,1.0006561,17,300,1,100,107
"651",11,586,1.0002187,1.0005467,1.0001093,1.0006561,17,300,1,100,107
"652",11,587,1.0002187,1.0005467,1.0001093,1.0006561,17,200,1,100,107
"653",11,588,1.0002187,1.0005467,1.0001093,1.0006561,17,300,1,100,107
"654",11,589,1.0002187,1.0005467,1.0001093,1.0006561,17,300,1,100,107
"655",11,590,1.0002187,1.0005467,1.0001093,1.0006561,17,300,1,100,107
"656",11,591,1.0002187,1.0005467,1.0001093,1.0006561,17,300,1,100,107
"657",11,592,1.0002187,1.0005467,1.0001093,1.0006561,17,300,1,100,107
"658",11,593,1.0002187,1.0005467,1.0001093,1.0006561,17,300,1,100,107
"659",11,594,1.0001093,1.0004374,1,1.0005467,1,200,1,200,107
"660",11,595,1.0001093,1.0004374,1,1.0005467,1,101,1,199,107
"661",11,596,1.0001093,1.0004374,1,1.0005467,1,101,1,199,107
"662",16,0,0.9996084,0.99986947,0.99947786,1.0001305,201,1,200,2,107
"663",16,3,0.9996084,0.99973893,0.99947786,0.99986947,101,200,200,1,107
"664",16,5,0.9996084,0.99986947,0.99947786,1.0001305,121,1,300,2,107
"665",16,9,0.9996084,0.99986947,0.99947786,1.0001305,121,101,300,2,107
"666",16,10,0.9996084,0.99986947,0.99947786,1.0001305,121,101,200,102,107
"667",16,11,0.99947786,0.9996084,0.9993473,0.99973893,100,100,200,400,107
"668",16,12,0.99947786,0.99973893,0.9993473,0.99986947,100,400,200,1,107
"669",16,14,0.99947786,0.99973893,0.9993473,0.99986947,100,400,200,101,107
"670",16,15,0.99947786,0.99973893,0.9993473,0.99986947,100,400,200,1,107
"671",16,16,0.99947786,0.99973893,0.9993473,0.99986947,100,400,100,1,107
"672",16,18,0.99947786,0.99973893,0.9993473,0.99986947,100,400,100,1,107
"673",16,25,0.99947786,0.99973893,0.9993473,0.99986947,100,400,100,1,107
"674",16,30,0.99947786,0.99973893,0.9993473,0.99986947,100,400,200,1,107
"675",16,32,0.99947786,0.99973893,0.9993473,0.99986947,100,500,200,1,107
"676",16,33,0.99947786,0.99973893,0.9993473,0.99986947,100,500,300,1,107
"677",16,34,0.99947786,0.99973893,0.9993473,0.99986947,100,500,200,1,107
"678",16,37,0.99947786,0.99973893,0.9993473,0.99986947,200,500,200,1,107
"679",16,39,0.99947786,0.99973893,0.9993473,0.99986947,200,500,100,1,107
"680",16,50,0.9992168,0.99947786,0.99908626,0.9996084,400,100,413,400,107
"681",16,51,0.9992168,0.99947786,0.99908626,0.9996084,426,100,580,200,107
"682",16,52,0.9992168,0.99947786,0.99908626,0.9996084,426,100,513,200,107
"683",16,53,0.9992168,0.99947786,0.99908626,0.9996084,226,100,413,167,107
"684",16,54,0.9992168,0.9993473,0.99908626,0.99947786,226,200,213,100,107
"685",16,55,0.9992168,0.99947786,0.99908626,0.9996084,226,100,380,100,107
"686",16,56,0.9992168,0.99947786,0.99908626,0.9996084,226,100,380,100,107
"687",16,57,0.9992168,0.99947786,0.99908626,0.9996084,226,100,280,100,107
"688",16,60,0.9993473,0.99973893,0.9992168,0.99986947,400,200,226,147,107
"689",16,61,0.9993473,0.99973893,0.9992168,0.99986947,400,200,326,147,107
"690",16,62,0.9993473,0.99973893,0.9992168,0.99986947,401,200,226,101,107
"691",16,63,0.9993473,0.99973893,0.9992168,0.99986947,401,200,226,1,107
"692",16,64,0.9993473,0.99973893,0.9992168,0.99986947,201,200,226,1,107
"693",16,65,0.9993473,0.99973893,0.9992168,0.99986947,221,200,226,1,107
"694",16,67,0.9993473,0.99986947,0.9992168,1,221,1,226,71,107
"695",16,68,0.9993473,0.99973893,0.9992168,0.99986947,221,10,226,1,107
"696",16,70,0.9993473,0.99973893,0.9992168,0.99986947,521,10,100,1,107
"697",16,71,0.9993473,0.99973893,0.9992168,0.99986947,521,110,100,1,107
"698",16,75,0.9993473,0.99973893,0.9992168,0.99986947,621,110,100,1,107
"699",16,77,0.9993473,0.99973893,0.9992168,0.99986947,621,110,100,1,107
"700",16,78,0.9993473,0.99973893,0.9992168,0.99986947,421,110,100,1,107
"701",16,79,0.9993473,0.99973893,0.9992168,0.99986947,421,110,100,1,107
"702",16,81,0.9993473,0.9996084,0.9992168,0.99973893,221,200,100,110,107
"703",16,82,0.9993473,0.99973893,0.9992168,0.99986947,221,110,100,1,107
"704",16,85,0.9993473,0.99973893,0.9992168,0.99986947,221,110,100,1,107
"705",16,87,0.9993473,0.9996084,0.9992168,0.99973893,221,200,100,110,107
"706",16,88,0.9993473,0.9996084,0.9992168,0.99973893,221,100,100,10,107
"707",16,89,0.9993473,0.9996084,0.9992168,0.99973893,221,200,100,10,107
"708",16,91,0.9993473,0.9996084,0.9992168,0.99986947,221,210,100,101,107
"709",16,92,0.9993473,0.9996084,0.9992168,0.99986947,221,196,100,101,107
"710",16,93,0.9993473,0.9996084,0.9992168,0.99986947,221,196,100,1,107
"711",16,109,0.9993473,0.9996084,0.9992168,0.99973893,221,196,100,200,107
"712",16,122,0.9993473,0.9996084,0.9992168,0.99973893,320,196,100,200,107
"713",16,125,0.9996084,0.99986947,0.99947786,1.0001305,100,1,469,102,107
"714",16,126,0.9996084,0.99986947,0.99947786,1.0001305,100,1,469,171,107
"715",16,127,0.9996084,0.99986947,0.99947786,1,300,1,469,100,107
"716",16,128,0.9996084,0.99986947,0.99947786,1,300,1,400,100,107
"717",16,129,0.9996084,0.99986947,0.99947786,1.0001305,300,101,400,71,107
"718",16,130,0.9996084,0.99986947,0.99947786,1.0001305,300,101,469,71,107
"719",16,135,0.9996084,0.99986947,0.99947786,1.0001305,300,101,400,71,107
"720",16,138,0.9996084,0.99986947,0.99947786,1.0001305,400,101,469,71,107
"721",16,139,0.99986947,1.0001305,0.99973893,1.0003916,300,2,300,200,107
"722",16,140,0.99986947,1.0001305,0.99973893,1.0003916,300,2,200,200,107
"723",16,141,1,1.0001305,0.99986947,1.0003916,200,100,300,200,107
"724",16,142,0.99986947,1.0003916,0.99973893,1.0005221,100,200,10,69,107
"725",16,143,0.99986947,1.0001305,0.99973893,1.0003916,200,100,10,200,107
"726",16,144,0.99986947,1.0001305,0.99973893,1.0003916,100,100,10,400,107
"727",16,146,0.99986947,1,0.99973893,1.0001305,100,200,10,200,107
"728",16,150,0.99986947,1.0001305,0.99973893,1.0003916,100,300,10,300,107
"729",16,152,1,1.0001305,0.99986947,1.0003916,400,200,300,300,107
"730",16,153,1,1.0001305,0.99986947,1.0003916,100,200,200,300,107
"731",16,154,0.99986947,1,0.99973893,1.0001305,100,100,10,300,107
"732",16,157,0.99986947,1,0.99973893,1.0001305,100,200,10,200,107
"733",16,161,0.99986947,1,0.99973893,1.0001305,100,200,10,200,107
"734",16,162,0.99986947,1,0.99973893,1.0001305,100,200,110,200,107
"735",16,163,0.99986947,1.0001305,0.99973893,1.0003916,200,100,110,300,107
"736",16,169,0.99986947,1.0001305,0.99973893,1.0003916,200,100,110,400,107
"737",16,170,0.99986947,1.0001305,0.99973893,1.0003916,200,100,110,300,107
"738",16,180,0.99986947,1.0001305,0.99973893,1.0003916,100,100,110,400,107
"739",16,181,0.99986947,1,0.99973893,1.0001305,100,100,10,100,107
"740",16,182,0.99986947,1.0001305,0.99973893,1.0003916,100,100,10,300,107
"741",16,183,0.99986947,1.0001305,0.99973893,1.0003916,200,100,10,300,107
"742",16,184,0.99986947,1.0001305,0.99973893,1.0003916,100,200,10,400,107
"743",16,185,0.99986947,1.0001305,0.99973893,1.0003916,120,200,10,300,107
"744",16,186,0.99986947,1.0001305,0.99973893,1.0003916,120,200,110,300,107
"745",16,192,1,1.0001305,0.99986947,1.0003916,300,200,120,300,107
"746",16,193,0.99986947,1.0001305,0.99973893,1.0003916,120,200,110,300,107
"747",16,199,0.99986947,1.0001305,0.99973893,1.0003916,120,200,110,300,107
"748",16,201,0.99986947,1.0001305,0.99973893,1.0003916,120,200,110,300,107
"749",16,203,1,1.0001305,0.99986947,1.0003916,101,300,320,300,107
"750",16,204,1,1.0001305,0.99986947,1.0003916,1,400,322,300,107
"751",16,205,1,1.0001305,0.99986947,1.0003916,1,400,322,300,107
"752",16,206,1,1.0001305,0.99986947,1.0003916,1,300,322,300,107
"753",16,210,0.99986947,1,0.99973893,1.0001305,120,300,9,300,107
"754",16,211,0.99986947,1,0.99973893,1.0001305,120,200,9,200,107
"755",16,212,0.99986947,1,0.99973893,1.0001305,120,200,9,272,107
"756",16,213,0.99986947,1,0.99973893,1.0001305,120,300,9,272,107
"757",16,214,0.99986947,1,0.99973893,1.0001305,120,400,9,172,107
"758",16,215,0.99986947,1,0.99973893,1.0001305,120,300,9,172,107
"759",16,216,0.99973893,1,0.9996084,1.0001305,109,200,318,172,107
"760",16,218,0.99973893,1,0.9996084,1.0001305,109,200,318,172,107
"761",16,219,0.99986947,1,0.99973893,1.0001305,200,200,109,100,107
"762",16,220,0.99973893,1,0.9996084,1.0001305,109,200,318,172,107
"763",16,221,0.99986947,1,0.99973893,1.0001305,300,100,109,100,107
"764",16,222,0.99986947,1,0.99973893,1.0001305,300,100,149,100,107
"765",16,223,0.99986947,1,0.99973893,1.0001305,200,100,149,100,107
"766",16,224,0.99973893,0.99986947,0.9996084,1,9,100,300,100,107
"767",16,225,0.99973893,0.99986947,0.9996084,1,9,100,200,100,107
"768",16,226,0.99973893,0.99986947,0.9996084,1.0001305,9,300,200,272,107
"769",16,227,0.99973893,0.99986947,0.9996084,1.0001305,109,200,200,172,107
"770",16,228,0.99973893,0.99986947,0.9996084,1.0001305,9,200,200,272,107
"771",16,229,0.99973893,0.99986947,0.9996084,1,9,200,200,100,107
"772",16,230,0.99973893,0.99986947,0.9996084,1,9,200,200,100,107
"773",16,231,0.99973893,0.99986947,0.9996084,1,109,200,200,100,107
"774",16,232,0.99973893,0.99986947,0.9996084,1,109,200,200,100,107
"775",16,234,0.99973893,0.99986947,0.9996084,1,109,300,100,100,107
"776",16,235,0.99973893,0.99986947,0.9996084,1,109,300,100,100,107
"777",16,236,0.99973893,0.99986947,0.9996084,1,109,200,100,100,107
"778",16,237,0.99973893,0.99986947,0.9996084,1,9,300,100,100,107
"779",16,238,0.99973893,0.99986947,0.9996084,1,109,200,100,100,107
"780",16,239,0.99973893,0.99986947,0.9996084,1,209,200,100,100,107
"781",16,240,0.99973893,0.99986947,0.9996084,1,109,200,100,100,107
"782",16,241,0.99973893,0.99986947,0.9996084,1,9,300,100,100,107
"783",16,242,0.99947786,0.99973893,0.9993473,0.99986947,620,100,313,200,107
"784",16,243,0.99947786,0.99973893,0.9993473,0.99986947,520,100,313,300,107
"785",16,244,0.99947786,0.99973893,0.9993473,0.99986947,520,200,313,200,107
"786",16,245,0.99947786,0.99973893,0.9993473,0.99986947,440,400,313,200,107
"787",16,246,0.9996084,0.99973893,0.99947786,0.99986947,100,400,340,200,107
"788",16,250,0.99947786,0.99973893,0.9993473,0.99986947,240,400,413,200,107
"789",16,251,0.99947786,0.99973893,0.9993473,0.99986947,240,435,313,200,107
"790",16,256,0.99973893,1,0.9996084,1.0001305,702,100,400,146,107
"791",16,257,0.99986947,1,0.99973893,1.0003916,300,100,302,546,107
"792",16,258,0.99986947,1.0003916,0.99973893,1.0005221,300,446,302,69,107
"793",16,259,0.99986947,1.0001305,0.99973893,1.0003916,200,200,302,546,107
"794",16,260,0.99986947,1.0001305,0.99973893,1.0003916,200,100,302,446,107
"795",16,261,0.99973893,1,0.9996084,1.0001305,302,100,500,100,107
"796",16,262,0.99973893,1,0.9996084,1.0001305,110,100,400,167,107
"797",16,264,0.99986947,1,0.99973893,1.0001305,200,100,110,167,107
"798",16,265,0.99973893,1,0.9996084,1.0001305,110,100,400,167,107
"799",16,267,0.99973893,1,0.9996084,1.0001305,150,100,400,167,107
"800",16,271,0.99973893,1,0.9996084,1.0001305,145,100,400,167,107
"801",16,272,0.99973893,1,0.9996084,1.0001305,140,100,405,267,107
"802",16,274,0.99973893,0.99986947,0.9996084,1,140,400,405,200,107
"803",16,275,0.99973893,0.99986947,0.9996084,1,140,300,405,200,107
"804",16,276,0.99973893,0.99986947,0.9996084,1,140,100,405,200,107
"805",16,279,0.9996084,0.99973893,0.99947786,0.99986947,5,400,520,500,107
"806",16,280,0.9996084,0.99973893,0.99947786,0.99986947,5,200,620,400,107
"807",16,281,0.9996084,0.99973893,0.99947786,0.99986947,5,200,620,400,107
"808",16,282,0.9996084,0.99973893,0.99947786,0.99986947,5,300,620,400,107
"809",16,284,0.9996084,0.99973893,0.99947786,0.99986947,205,100,520,200,107
"810",16,286,0.9996084,0.99973893,0.99947786,0.99986947,100,100,520,200,107
"811",16,288,0.99947786,0.99973893,0.9993473,0.99986947,220,100,214,200,107
"812",16,291,0.99947786,0.99973893,0.9993473,0.99986947,420,100,214,200,107
"813",16,295,0.99947786,0.99973893,0.9993473,0.99986947,421,100,214,200,107
"814",16,297,0.99947786,0.99973893,0.9993473,0.99986947,421,100,214,200,107
"815",16,300,0.9993473,0.99947786,0.9992168,0.9996084,13,121,201,600,107
"816",16,301,0.9993473,0.9996084,0.9992168,0.99973893,113,400,1,70,107
"817",16,302,0.9993473,0.9996084,0.9992168,0.99986947,113,400,1,246,107
"818",16,303,0.9993473,0.9996084,0.9992168,0.99986947,151,400,200,146,107
"819",16,305,0.99947786,0.9996084,0.9993473,0.99986947,322,100,133,146,107
"820",16,306,0.9996084,0.99986947,0.99947786,1.0001305,15,146,400,167,107
"821",16,307,0.9996084,0.99986947,0.99947786,1.0001305,15,265,400,167,107
"822",16,308,0.9996084,0.99986947,0.99947786,1.0001305,15,265,400,267,107
"823",16,310,0.9996084,0.99973893,0.99947786,0.99986947,15,200,400,265,107
"824",16,311,0.99947786,0.99973893,0.9993473,0.99986947,415,100,133,200,107
"825",16,312,0.99947786,0.99973893,0.9993473,0.99986947,300,100,142,300,107
"826",16,314,0.9993473,0.9996084,0.9992168,0.99973893,142,291,400,470,107
"827",16,315,0.9993473,0.99947786,0.9992168,0.9996084,33,200,409,200,107
"828",16,316,0.9993473,0.99947786,0.9992168,0.9996084,33,200,410,200,107
"829",16,318,0.9993473,0.99947786,0.9992168,0.9996084,33,200,410,200,107
"830",16,319,0.9993473,0.99947786,0.9992168,0.9996084,233,100,410,200,107
"831",16,320,0.9992168,0.9993473,0.99908626,0.99947786,310,300,113,100,107
"832",16,321,0.99908626,0.9992168,0.9989557,0.9993473,13,10,517,200,107
"833",16,322,0.99908626,0.9992168,0.9989557,0.9993473,13,310,317,200,107
"834",16,323,0.9992168,0.9993473,0.99908626,0.99947786,200,196,145,100,107
"835",16,324,0.9992168,0.9993473,0.99908626,0.9996084,200,200,145,200,107
"836",16,325,0.9992168,0.9993473,0.99908626,0.9996084,200,200,145,200,107
"837",16,326,0.9992168,0.9993473,0.99908626,0.9996084,100,200,121,200,107
"838",16,327,0.9989557,0.9992168,0.9988252,0.9993473,99,297,103,200,107
"839",16,328,0.9989557,0.9992168,0.9988252,0.9993473,34,197,100,300,107
"840",16,330,0.9989557,0.9992168,0.9988252,0.9993473,34,197,100,200,107
"841",16,331,0.9989557,0.9992168,0.9988252,0.9993473,34,197,100,300,107
"842",16,332,0.9989557,0.9992168,0.9988252,0.9993473,34,197,100,200,107
"843",16,333,0.9989557,0.9992168,0.9988252,0.9993473,34,197,100,200,107
"844",16,334,0.9989557,0.9992168,0.9988252,0.9993473,34,297,100,100,107
"845",16,335,0.99908626,0.9992168,0.9988252,0.9993473,321,100,270,200,107
"846",16,336,0.99908626,0.9992168,0.9988252,0.9993473,121,300,270,200,107
"847",16,337,0.9989557,0.9992168,0.9988252,0.9993473,281,300,100,200,107
"848",16,338,0.9989557,0.9992168,0.9988252,0.9993473,381,300,100,100,107
"849",16,339,0.9989557,0.9992168,0.9988252,0.9993473,381,300,200,100,107
"850",16,343,0.9989557,0.9992168,0.9988252,0.9993473,381,300,200,100,107
"851",16,345,0.9989557,0.9992168,0.9988252,0.9993473,381,300,100,100,107
"852",16,347,0.9989557,0.9992168,0.9988252,0.9993473,381,300,200,100,107
"853",16,348,0.9989557,0.9992168,0.9988252,0.9993473,381,300,200,100,107
"854",16,349,0.9989557,0.9992168,0.9988252,0.9993473,381,300,100,100,107
"855",16,350,0.9989557,0.9992168,0.9988252,0.9993473,381,300,200,100,107
"856",16,351,0.9989557,0.9992168,0.9988252,0.9993473,381,300,200,100,107
"857",16,353,0.9989557,0.9992168,0.9988252,0.9993473,381,300,100,100,107
"858",16,354,0.9989557,0.9992168,0.9988252,0.9993473,381,301,200,100,107
"859",16,356,0.9989557,0.9992168,0.9988252,0.9993473,381,301,100,100,107
"860",16,358,0.9989557,0.9992168,0.9988252,0.9993473,381,301,200,100,107
"861",16,359,0.9989557,0.9992168,0.9988252,0.9993473,381,301,100,100,107
"862",16,360,0.9989557,0.9992168,0.9988252,0.9993473,381,301,100,100,107
"863",16,361,0.9989557,0.9992168,0.9988252,0.9993473,481,301,265,100,107
"864",16,362,0.9989557,0.9992168,0.9988252,0.9993473,481,301,265,100,107
"865",16,363,0.9989557,0.9992168,0.9988252,0.9993473,481,401,265,100,107
"866",16,365,0.9989557,0.9992168,0.9988252,0.9993473,381,401,100,100,107
"867",16,366,0.9989557,0.9992168,0.9988252,0.9993473,381,401,165,100,107
"868",16,367,0.9989557,0.9992168,0.9988252,0.9993473,381,401,165,100,107
"869",16,368,0.9989557,0.9992168,0.99869466,0.9993473,381,401,200,100,107
"870",16,369,0.9989557,0.9992168,0.9988252,0.9993473,381,401,165,100,107
"871",16,374,0.9989557,0.9992168,0.9988252,0.9993473,381,401,100,100,107
"872",16,375,0.9989557,0.9992168,0.9988252,0.9993473,381,401,200,100,107
"873",16,383,0.9989557,0.9992168,0.9988252,0.9993473,381,401,100,100,107
"874",16,384,0.9992168,0.9996084,0.99908626,0.99973893,178,46,500,370,107
"875",16,385,0.9992168,0.9993473,0.99908626,0.9996084,38,100,200,46,107
"876",16,386,0.9992168,0.9993473,0.99908626,0.9996084,38,200,200,146,107
"877",16,388,0.9992168,0.9993473,0.99908626,0.9996084,38,200,200,46,107
"878",16,389,0.9989557,0.9992168,0.9988252,0.9993473,328,100,100,365,107
"879",16,390,0.9989557,0.9993473,0.9988252,0.9996084,328,365,100,146,107
"880",16,391,0.9989557,0.9992168,0.9988252,0.9993473,328,300,100,65,107
"881",16,392,0.9989557,0.9992168,0.9988252,0.9993473,300,200,120,65,107
"882",16,393,0.9989557,0.9992168,0.9988252,0.9996084,300,200,100,246,107
"883",16,396,0.9989557,0.9992168,0.9988252,0.9996084,323,200,100,246,107
"884",16,397,0.9989557,0.9992168,0.9988252,0.9996084,323,200,100,246,107
"885",16,398,0.9989557,0.9992168,0.9988252,0.9996084,323,300,100,246,107
"886",16,400,0.9989557,0.9992168,0.9988252,0.9996084,323,300,100,146,107
"887",16,402,0.9989557,0.9992168,0.9988252,0.9996084,423,300,100,146,107
"888",16,403,0.9989557,0.9992168,0.9988252,0.9996084,531,300,200,146,107
"889",16,405,0.9989557,0.9992168,0.9988252,0.9996084,531,300,100,146,107
"890",16,408,0.9988252,0.9989557,0.99869466,0.99908626,100,300,10,400,107
"891",16,409,0.99869466,0.9989557,0.9985642,0.99908626,210,300,200,400,107
"892",16,411,0.99869466,0.9989557,0.9985642,0.99908626,10,300,200,400,107
"893",16,416,0.99869466,0.9989557,0.9985642,0.99908626,10,300,213,300,107
"894",16,417,0.99869466,0.9989557,0.9985642,0.99908626,10,300,213,300,107
"895",16,418,0.9989557,0.9992168,0.9988252,0.9993473,300,200,368,146,107
"896",16,420,0.9988252,0.9992168,0.99869466,0.9993473,441,300,110,146,107
"897",16,421,0.9988252,0.9992168,0.99869466,0.99947786,441,300,110,100,107
"898",16,422,0.9988252,0.9992168,0.99869466,0.99947786,341,400,110,100,107
"899",16,424,0.9988252,0.9992168,0.99869466,0.99947786,322,400,110,100,107
"900",16,425,0.9988252,0.9992168,0.99869466,0.99947786,320,400,117,100,107
"901",16,426,0.9988252,0.9992168,0.99869466,0.99947786,320,400,217,100,107
"902",16,427,0.9989557,0.9992168,0.9988252,0.9996084,300,300,320,146,107
"903",16,429,0.9988252,0.9992168,0.99869466,0.99947786,320,300,217,100,107
"904",16,430,0.9988252,0.9992168,0.99869466,0.99947786,320,300,317,100,107
"905",16,431,0.9988252,0.9992168,0.99869466,0.99947786,420,300,217,100,107
"906",16,433,0.9989557,0.9992168,0.9988252,0.9996084,400,300,488,146,107
"907",16,434,0.9989557,0.9992168,0.9988252,0.9996084,300,300,488,146,107
"908",16,435,0.9989557,0.9992168,0.9988252,0.9996084,200,300,420,146,107
"909",16,436,0.9989557,0.9992168,0.9988252,0.9996084,200,300,420,146,107
"910",16,437,0.9989557,0.9992168,0.9988252,0.9996084,200,200,488,146,107
"911",16,438,0.9989557,0.9992168,0.9988252,0.9996084,200,200,488,146,107
"912",16,439,0.9989557,0.9992168,0.9988252,0.9996084,300,200,488,148,107
"913",16,440,0.9989557,0.9992168,0.9988252,0.9996084,200,200,420,148,107
"914",16,441,0.9989557,0.9992168,0.9988252,0.9996084,200,200,488,148,107
"915",16,442,0.9989557,0.9992168,0.9988252,0.99947786,200,200,420,100,107
"916",16,443,0.9989557,0.9992168,0.9988252,0.9996084,200,200,420,148,107
"917",16,445,0.9988252,0.99908626,0.99869466,0.99947786,220,500,117,100,107
"918",16,446,0.9988252,0.99908626,0.99869466,0.99947786,220,400,117,100,107
"919",16,447,0.9988252,0.9989557,0.99869466,0.99908626,20,400,110,400,107
"920",16,448,0.99869466,0.9988252,0.9985642,0.9989557,10,120,108,400,107
"921",16,449,0.9985642,0.99869466,0.99843365,0.9988252,1,200,207,120,107
"922",16,450,0.9985642,0.99869466,0.99843365,0.9988252,201,100,207,120,107
"923",16,451,0.9985642,0.99869466,0.99843365,0.9988252,1,200,207,120,107
"924",16,452,0.9985642,0.99869466,0.99843365,0.9988252,101,100,207,20,107
"925",16,453,0.9985642,0.99869466,0.99843365,0.9988252,122,100,200,20,107
"926",16,455,0.99843365,0.9985642,0.9983031,0.99869466,21,100,200,600,107
"927",16,456,0.99843365,0.9985642,0.9983031,0.99869466,21,200,200,400,107
"928",16,457,0.99843365,0.9985642,0.9983031,0.99869466,121,200,200,400,107
"929",16,458,0.99843365,0.9985642,0.9983031,0.99869466,121,200,200,500,107
"930",16,459,0.9983031,0.9985642,0.99804205,0.99869466,8,200,200,400,107
"931",16,460,0.9983031,0.9985642,0.99804205,0.99869466,8,200,200,600,107
"932",16,461,0.9983031,0.9985642,0.99804205,0.99869466,8,200,200,400,107
"933",16,462,0.9985642,0.9988252,0.99843365,0.9989557,565,20,446,300,107
"934",16,463,0.9985642,0.99869466,0.99843365,0.9988252,300,300,446,20,107
"935",16,464,0.9985642,0.99869466,0.99843365,0.9988252,300,300,446,20,107
"936",16,465,0.99843365,0.99869466,0.9983031,0.9988252,446,200,100,20,107
"937",16,466,0.99843365,0.99869466,0.9983031,0.9988252,446,100,100,20,107
"938",16,467,0.99843365,0.99869466,0.9983031,0.9988252,446,100,100,20,107
"939",16,468,0.99843365,0.9988252,0.9983031,0.9989557,446,20,368,300,107
"940",16,469,0.9985642,0.9988252,0.99843365,0.9989557,554,20,401,100,107
"941",16,470,0.9985642,0.99908626,0.99843365,0.9992168,416,302,401,168,107
"942",16,471,0.9985642,0.9989557,0.99843365,0.99908626,416,100,501,302,107
"943",16,472,0.9985642,0.9989557,0.99843365,0.99908626,416,100,501,302,107
"944",16,477,0.9985642,0.9989557,0.99843365,0.99908626,516,101,501,302,107
"945",16,478,0.9985642,0.9989557,0.99843365,0.99908626,516,101,501,302,107
"946",16,481,0.9985642,0.9989557,0.99843365,0.99908626,416,101,501,302,107
"947",16,486,0.9985642,0.9989557,0.99843365,0.99908626,516,101,501,302,107
"948",16,487,0.9988252,0.99908626,0.99869466,0.9993473,200,102,153,146,107
"949",16,489,0.9989557,0.99908626,0.9988252,0.9992168,200,2,300,300,107
"950",16,490,0.9989557,0.99908626,0.9988252,0.9992168,300,2,307,200,107
"951",16,491,0.9988252,0.99908626,0.99869466,0.9993473,307,2,106,146,107
"952",16,492,0.9989557,0.9992168,0.9988252,0.9993473,300,200,407,46,107
"953",16,493,0.9989557,0.9992168,0.9988252,0.9993473,312,200,400,46,107
"954",16,494,0.9989557,0.9992168,0.9988252,0.9993473,212,100,400,46,107
"955",16,497,0.9989557,0.9992168,0.9988252,0.9993473,212,100,400,46,107
"956",16,498,0.9989557,0.9992168,0.9988252,0.9993473,212,100,500,46,107
"957",16,505,0.9989557,0.9992168,0.9988252,0.9993473,212,100,600,46,107
"958",16,506,0.9988252,0.99908626,0.99869466,0.9992168,121,300,147,171,107
"959",16,507,0.9988252,0.99908626,0.99869466,0.9993473,121,300,147,46,107
"960",16,508,0.9988252,0.99908626,0.99869466,0.9993473,121,300,247,46,107
"961",16,509,0.9989557,0.99908626,0.9988252,0.9993473,200,100,121,46,107
"962",16,510,0.9988252,0.99908626,0.99869466,0.9993473,121,100,247,46,107
"963",16,512,0.9989557,0.99908626,0.9988252,0.9993473,400,92,321,46,107
"964",16,513,0.9989557,0.99908626,0.9988252,0.9993473,300,92,321,46,107
"965",16,514,0.9989557,0.9993473,0.9988252,0.9996084,300,46,321,100,107
"966",16,519,0.9989557,0.9992168,0.9988252,0.9993473,300,100,321,46,107
"967",16,520,0.99908626,0.9993473,0.9989557,0.9996084,100,46,300,100,107
"968",16,521,0.99869466,0.9988252,0.9985642,0.9989557,200,100,100,300,107
"969",16,522,0.9985642,0.9988252,0.99843365,0.9989557,100,100,419,300,107
"970",16,523,0.9985642,0.9988252,0.99843365,0.9989557,100,201,419,300,107
"971",16,524,0.9985642,0.9988252,0.99843365,0.9989557,100,101,419,300,107
"972",16,526,0.99843365,0.9985642,0.9983031,0.99869466,19,100,100,400,107
"973",16,527,0.99843365,0.9985642,0.9983031,0.99869466,19,200,100,300,107
"974",16,528,0.9983031,0.99843365,0.99804205,0.9985642,211,200,200,200,107
"975",16,529,0.9983031,0.99843365,0.99804205,0.9985642,211,200,400,100,107
"976",16,530,0.9983031,0.99843365,0.99804205,0.9985642,211,200,300,100,107
"977",16,531,0.99843365,0.99869466,0.9983031,0.9988252,369,300,500,1,107
"978",16,532,0.99843365,0.99869466,0.9983031,0.9988252,369,300,400,1,107
"979",16,535,0.99843365,0.99869466,0.9983031,0.9988252,369,300,300,1,107
"980",16,536,0.99843365,0.9985642,0.9983031,0.99869466,65,200,100,300,107
"981",16,537,0.99843365,0.9985642,0.9983031,0.99869466,65,200,100,300,107
"982",16,538,0.9983031,0.99843365,0.99804205,0.9985642,9,600,300,100,107
"983",16,539,0.9983031,0.99843365,0.99804205,0.9985642,9,400,300,100,107
"984",16,541,0.9983031,0.9985642,0.99804205,0.99869466,109,100,500,300,107
"985",16,542,0.9983031,0.9985642,0.99804205,0.99869466,109,100,600,300,107
"986",16,544,0.9983031,0.99843365,0.99804205,0.9985642,9,100,300,100,107
"987",16,545,0.9983031,0.99843365,0.99804205,0.9985642,29,200,544,100,107
"988",16,546,0.9983031,0.99843365,0.99804205,0.9985642,29,200,544,100,107
"989",16,547,0.9983031,0.99843365,0.99804205,0.9985642,329,95,544,100,107
"990",16,548,0.9983031,0.9985642,0.99804205,0.99869466,329,100,644,300,107
"991",16,549,0.9983031,0.9985642,0.99804205,0.99869466,329,100,544,300,107
"992",16,552,0.9983031,0.99843365,0.99804205,0.9985642,29,400,617,200,107
"993",16,553,0.9983031,0.99843365,0.9981726,0.9985642,29,400,100,100,107
"994",16,554,0.9983031,0.99843365,0.99804205,0.9985642,29,100,617,300,107
"995",16,555,0.9983031,0.99843365,0.99804205,0.9985642,29,100,617,200,107
"996",16,556,0.9983031,0.99843365,0.99804205,0.9985642,29,100,617,200,107
"997",16,558,0.9983031,0.99843365,0.99804205,0.9985642,20,100,494,100,107
"998",16,559,0.9983031,0.99843365,0.9981726,0.9985642,20,100,100,100,107
"999",16,560,0.9979115,0.99804205,0.997781,0.9981726,100,200,100,200,107
"1000",16,561,0.9979115,0.9981726,0.997781,0.9983031,200,100,100,300,107
"1001",16,563,0.9979115,0.9981726,0.997781,0.9983031,200,100,100,400,107
"1002",16,564,0.9979115,0.9981726,0.997781,0.9983031,200,100,66,300,107
"1003",16,565,0.9979115,0.9981726,0.997781,0.9983031,200,100,66,300,107
"1004",16,566,0.9981726,0.99843365,0.99804205,0.9985642,200,100,200,46,107
"1005",16,567,0.9981726,0.99843365,0.99804205,0.99869466,200,100,200,266,107
"1006",16,568,0.9981726,0.99843365,0.99804205,0.9985642,200,100,200,100,107
"1007",16,570,0.9981726,0.99843365,0.99804205,0.9985642,200,100,200,100,107
"1008",16,572,0.9979115,0.9983031,0.997781,0.99843365,200,200,100,100,107
"1009",16,573,0.9979115,0.9983031,0.997781,0.99843365,200,200,100,100,107
"1010",16,576,0.997781,0.9983031,0.99765044,0.99843365,200,300,221,100,107
"1011",16,577,0.997781,0.9983031,0.99765044,0.99843365,200,300,209,100,107
"1012",16,578,0.997781,0.9983031,0.99765044,0.99843365,200,301,209,100,107
"1013",16,579,0.997781,0.9983031,0.99765044,0.99843365,200,401,209,100,107
"1014",16,580,0.997781,0.9983031,0.99765044,0.99843365,200,401,209,100,107
"1015",16,581,0.997781,0.9983031,0.99765044,0.99843365,201,301,309,100,107
"1016",16,583,0.997781,0.9983031,0.99765044,0.99843365,201,301,209,100,107
"1017",16,585,0.99804205,0.9983031,0.997781,0.99843365,200,301,367,100,107
"1018",16,586,0.99804205,0.9983031,0.997781,0.99843365,300,301,467,100,107
"1019",16,587,0.99804205,0.9983031,0.997781,0.99843365,100,401,301,100,107
"1020",16,588,0.99804205,0.9983031,0.997781,0.99843365,100,401,301,100,107
"1021",16,589,0.99804205,0.9983031,0.997781,0.99843365,100,301,367,100,107
"1022",16,593,0.9981726,0.9983031,0.99804205,0.99843365,300,101,100,100,107
"1023",16,594,0.9981726,0.9983031,0.99804205,0.99843365,100,201,100,100,107
"1024",16,595,0.99804205,0.9983031,0.9979115,0.99843365,100,201,100,100,107
"1025",16,596,0.99804205,0.9983031,0.9979115,0.99843365,100,101,100,100,107
"1026",31,0,1,1.000425,0.9998937,1.0005312,190,200,100,300,107
"1027",31,7,1,1.000425,0.9998937,1.0005312,90,200,100,500,107
"1028",31,8,1,1.000425,0.9998937,1.0005312,16,200,100,400,107
"1029",31,12,1,1.000425,0.9998937,1.0005312,116,200,100,300,107
"1030",31,13,1,1.000425,0.9998937,1.0005312,16,200,100,500,107
"1031",31,15,1,1.000425,0.9998937,1.0005312,16,200,100,500,107
"1032",31,18,0.9997875,1.0002126,0.99968123,1.0003188,186,500,2,300,107
"1033",31,19,0.9997875,1.0002126,0.99968123,1.0003188,486,200,2,300,107
"1034",31,20,0.9997875,1.0002126,0.99968123,1.0003188,487,200,2,300,107
"1035",31,21,0.9997875,1.0002126,0.99968123,1.0003188,287,200,2,300,107
"1036",31,22,0.9997875,1.0002126,0.99968123,1.0003188,186,200,2,300,107
"1037",31,24,0.9997875,1,0.99968123,1.0002126,186,1,2,200,107
"1038",31,25,0.9997875,1,0.99968123,1.0002126,187,1,2,200,107
"1039",31,27,0.99968123,1,0.999575,1.0002126,2,1,101,400,107
"1040",31,30,0.99968123,1,0.999575,1.0002126,94,1,101,400,107
"1041",31,31,0.99968123,1,0.999575,1.0002126,2,1,101,400,107
"1042",31,32,0.999575,0.99968123,0.99946874,0.9997875,101,1,154,500,107
"1043",31,33,0.9993625,0.999575,0.99925625,0.9997875,201,200,2,515,107
"1044",31,34,0.9993625,0.99946874,0.99925625,0.999575,101,2,2,200,107
"1045",31,35,0.99946874,0.9997875,0.9993625,1,300,315,301,46,107
"1046",31,36,0.99946874,0.9997875,0.9993625,1,200,415,201,46,107
"1047",31,37,0.99946874,0.9997875,0.9993625,1,200,415,101,46,107
"1048",31,40,0.99946874,0.9997875,0.9993625,1,200,417,101,46,107
"1049",31,48,0.9993625,0.9997875,0.99925625,1,401,417,102,46,107
"1050",31,55,0.9993625,0.9997875,0.99925625,1,401,417,102,46,107
"1051",31,56,0.9993625,0.9997875,0.99925625,1,301,417,102,46,107
"1052",31,57,0.9993625,0.9997875,0.99925625,1,401,417,102,46,107
"1053",31,70,0.9993625,0.9997875,0.99925625,1,101,417,102,46,107
"1054",31,71,0.9993625,0.99968123,0.99925625,0.9997875,100,200,2,517,107
"1055",31,72,0.9993625,0.99968123,0.99925625,0.9997875,400,100,2,515,107
"1056",31,73,0.9993625,0.9997875,0.99925625,0.9998937,400,515,2,100,107
"1057",31,75,0.9993625,0.9997875,0.99925625,0.9998937,400,515,2,200,107
"1058",31,76,0.9993625,0.9997875,0.99925625,1,500,515,2,46,107
"1059",31,77,0.9993625,0.9997875,0.99925625,1,500,415,2,46,107
"1060",31,79,0.9993625,0.9997875,0.99925625,1,500,515,2,46,107
"1061",31,83,0.9993625,0.9997875,0.99925625,1,500,517,2,46,107
"1062",31,85,0.9993625,0.9997875,0.99925625,1,400,517,2,46,107
"1063",31,86,0.9993625,0.9997875,0.99925625,1,400,517,2,46,107
"1064",31,94,0.9993625,0.9997875,0.99925625,0.9998937,400,517,2,100,107
"1065",31,106,0.99968123,1,0.999575,1.0001062,500,246,24,14,107
"1066",31,107,0.99968123,1,0.999575,1.0001062,100,46,24,14,107
"1067",31,108,0.9993625,0.9997875,0.99925625,0.9998937,200,2,2,300,107
"1068",31,109,0.9993625,0.9997875,0.99925625,0.9998937,200,2,2,200,107
"1069",31,111,0.9993625,0.9997875,0.99925625,0.9998937,200,102,2,200,107
"1070",31,113,0.9993625,0.9997875,0.99925625,0.9998937,200,103,2,200,107
"1071",31,116,0.9993625,0.9997875,0.99925625,0.9998937,200,103,2,200,107
"1072",31,120,0.9993625,0.9997875,0.99925625,0.9998937,300,103,155,200,107
"1073",31,121,0.9993625,0.9997875,0.99925625,0.9998937,200,103,55,300,107
"1074",31,122,0.9993625,0.9997875,0.99925625,0.9998937,200,103,55,400,107
"1075",31,123,0.9993625,0.9997875,0.99925625,0.9998937,200,103,55,200,107
"1076",31,131,0.9993625,0.99968123,0.99925625,0.9997875,200,7,55,103,107
"1077",31,133,0.9993625,0.99968123,0.99925625,0.9997875,200,7,55,203,107
"1078",31,141,0.9993625,0.99968123,0.99925625,0.9997875,364,207,55,203,107
"1079",31,142,0.9993625,0.99968123,0.99925625,0.9997875,264,207,55,203,107
"1080",31,143,0.9993625,0.99968123,0.99925625,0.9997875,364,207,55,103,107
"1081",31,149,0.9993625,0.99968123,0.99925625,0.9997875,364,307,55,103,107
"1082",31,151,0.99946874,0.9997875,0.9993625,0.9998937,300,3,264,400,107
"1083",31,152,0.9993625,0.9997875,0.99925625,0.9998937,364,3,55,300,107
"1084",31,157,0.9993625,0.9997875,0.99925625,0.9998937,364,3,55,400,107
"1085",31,166,0.9993625,0.9997875,0.99925625,0.9998937,364,3,55,400,107
"1086",31,169,0.99946874,0.9997875,0.9993625,0.9998937,100,3,364,400,107
"1087",31,170,0.99946874,0.9997875,0.9993625,0.9998937,100,3,264,400,107
"1088",31,176,0.99946874,0.9997875,0.9993625,0.9998937,200,3,164,400,107
"1089",31,177,0.9993625,0.99968123,0.99925625,0.9997875,164,100,2,103,107
"1090",31,178,0.9993625,0.9997875,0.99925625,0.9998937,164,303,2,500,107
"1091",31,181,0.9993625,0.9997875,0.99925625,0.9998937,164,203,2,500,107
"1092",31,184,0.9993625,0.9997875,0.99925625,0.9998937,164,203,2,600,107
"1093",31,188,0.9993625,0.99968123,0.99925625,0.9997875,1,100,2,303,107
"1094",31,189,0.9993625,0.99968123,0.99925625,0.9997875,1,200,2,203,107
"1095",31,192,0.99925625,0.999575,0.99915004,0.99968123,2,200,1,100,107
"1096",31,193,0.99925625,0.99968123,0.99915004,0.9997875,2,300,1,203,107
"1097",31,194,0.99925625,0.99968123,0.99915004,0.9997875,9,200,101,202,107
"1098",31,195,0.99925625,0.99968123,0.99915004,0.9997875,9,100,201,102,107
"1099",31,196,0.99925625,0.99968123,0.99915004,0.9997875,9,100,201,102,107
"1100",31,197,0.99925625,0.99968123,0.99915004,0.9997875,9,100,201,2,107
"1101",31,199,0.99925625,0.99968123,0.99915004,0.9997875,9,100,200,2,107
"1102",31,206,0.99925625,0.99968123,0.99915004,0.9997875,9,200,200,2,107
"1103",31,207,0.99925625,0.99968123,0.99915004,0.9997875,109,200,200,2,107
"1104",31,210,0.99925625,0.99968123,0.99915004,0.9997875,155,200,200,2,107
"1105",31,211,0.99925625,0.99968123,0.99915004,0.9997875,355,300,200,2,107
"1106",31,219,0.99925625,0.99968123,0.99915004,0.9997875,355,300,200,2,107
"1107",31,221,0.99904376,0.99946874,0.99893755,0.999575,100,100,78,500,107
"1108",31,222,0.99904376,0.99946874,0.99893755,0.999575,100,100,78,400,107
"1109",31,226,0.99893755,0.9993625,0.9988313,0.999575,78,200,100,400,107
"1110",31,228,0.99893755,0.9993625,0.9988313,0.99946874,78,200,100,16,107
"1111",31,245,0.99893755,0.9993625,0.9986188,0.99946874,78,200,101,16,107
"1112",31,252,0.99893755,0.9993625,0.9986188,0.99946874,78,300,101,16,107
"1113",31,254,0.9986188,0.99915004,0.99851257,0.99925625,301,200,368,400,107
"1114",31,255,0.9986188,0.99915004,0.99851257,0.99925625,301,200,368,500,107
"1115",31,263,0.99851257,0.99893755,0.9984063,0.99904376,168,100,1,200,107
"1116",31,264,0.99851257,0.99893755,0.9984063,0.99904376,168,200,1,200,107
"1117",31,265,0.99851257,0.99893755,0.9984063,0.99904376,168,200,1,100,107
"1118",31,266,0.9981938,0.99872506,0.9980875,0.9988313,501,100,95,300,107
"1119",31,267,0.9981938,0.99872506,0.9980875,0.9988313,501,100,95,100,107
"1120",31,268,0.9981938,0.9988313,0.9980875,0.99893755,301,529,95,100,107
"1121",31,269,0.9981938,0.9988313,0.9980875,0.99893755,201,129,95,100,107
"1122",31,270,0.9981938,0.9988313,0.9980875,0.99893755,201,129,95,100,107
"1123",31,280,0.9981938,0.9988313,0.9980875,0.99893755,101,129,95,100,107
"1124",31,284,0.9981938,0.9988313,0.9980875,0.99893755,101,329,95,100,107
"1125",31,285,0.9981938,0.9988313,0.9980875,0.99893755,101,229,95,100,107
"1126",31,286,0.9981938,0.9988313,0.9980875,0.99893755,101,284,95,100,107
"1127",31,290,0.9981938,0.9988313,0.9980875,0.99893755,1,384,95,100,107
"1128",31,291,0.9981938,0.9988313,0.9980875,0.99893755,1,684,95,100,107
"1129",31,292,0.9981938,0.9988313,0.9980875,0.99893755,1,584,95,100,107
"1130",31,293,0.9981938,0.9988313,0.9980875,0.99893755,1,684,95,100,107
"1131",31,294,0.9981938,0.9988313,0.9980875,0.99893755,1,584,95,100,107
"1132",31,296,0.9981938,0.9984063,0.9980875,0.9988313,1,1,95,384,107
"1133",31,298,0.9981938,0.9984063,0.9980875,0.9986188,1,1,95,204,107
"1134",31,300,0.9981938,0.9984063,0.9980875,0.9986188,1,1,1,104,107
"1135",31,301,0.9981938,0.9984063,0.9980875,0.9986188,1,1,1,204,107
"1136",31,314,0.9980875,0.9984063,0.9979813,0.9986188,1,1,101,204,107
"1137",31,316,0.9980875,0.9984063,0.9979813,0.9986188,1,1,1,204,107
"1138",31,317,0.9980875,0.9984063,0.9979813,0.9986188,1,1,101,204,107
"1139",31,319,0.9980875,0.9984063,0.9979813,0.9986188,1,1,1,204,107
"1140",31,322,0.9979813,0.9984063,0.99787503,0.9986188,1,466,1,104,107
"1141",31,334,0.9979813,0.9984063,0.99787503,0.9986188,1,566,1,104,107
"1142",31,335,0.9979813,0.9984063,0.99787503,0.9986188,1,466,1,104,107
"1143",31,343,0.9979813,0.9984063,0.99787503,0.9986188,2,366,1,104,107
"1144",31,351,0.9979813,0.9984063,0.99787503,0.9986188,102,366,1,104,107
"1145",31,352,0.9981938,0.9986188,0.9980875,0.99872506,52,304,1,104,107
"1146",31,353,0.9981938,0.9986188,0.9980875,0.99872506,52,404,1,100,107
"1147",31,360,0.9981938,0.9986188,0.9979813,0.99872506,52,404,302,100,107
"1148",31,361,0.9981938,0.9986188,0.9979813,0.99872506,52,404,302,100,107
"1149",31,362,0.9981938,0.9986188,0.9979813,0.99872506,52,404,202,100,107
"1150",31,366,0.9981938,0.9986188,0.9979813,0.99872506,53,400,201,100,107
"1151",31,367,0.9981938,0.99851257,0.9979813,0.9986188,1,200,401,300,107
"1152",31,368,0.9981938,0.99851257,0.9979813,0.9986188,1,200,601,300,107
"1153",31,369,0.9981938,0.99851257,0.9979813,0.9986188,1,70,601,300,107
"1154",31,372,0.9980875,0.99851257,0.9979813,0.9986188,352,70,502,300,107
"1155",31,374,0.9983,0.99851257,0.9981938,0.9986188,1,70,400,200,107
"1156",31,377,0.9983,0.99851257,0.9980875,0.9986188,50,70,352,200,107
"1157",31,380,0.9983,0.99851257,0.9980875,0.9986188,50,70,352,400,107
"1158",31,388,0.9980875,0.9983,0.9979813,0.9984063,100,70,301,100,107
"1159",31,389,0.9980875,0.9983,0.9979813,0.99851257,100,70,201,100,107
"1160",31,392,0.9980875,0.9983,0.9979813,0.99851257,100,70,201,300,107
"1161",31,393,0.9980875,0.9983,0.9979813,0.9984063,100,70,201,200,107
"1162",31,394,0.99787503,0.9981938,0.9977688,0.9984063,1,300,1,300,107
"1163",31,395,0.9977688,0.9981938,0.9975563,0.9983,1,506,56,100,107
"1164",31,396,0.9977688,0.9981938,0.9975563,0.9983,1,406,56,100,107
"1165",31,398,0.9977688,0.9981938,0.9975563,0.9983,61,306,56,100,107
"1166",31,401,0.9977688,0.9981938,0.9975563,0.9983,61,306,56,100,107
"1167",31,404,0.9975563,0.9981938,0.99745005,0.9983,56,306,151,100,107
"1168",31,405,0.9975563,0.9981938,0.99745005,0.9983,56,306,351,100,107
"1169",31,407,0.9977688,0.9981938,0.99766254,0.9983,100,306,400,100,107
"1170",31,412,0.99766254,0.9981938,0.9975563,0.9983,400,306,56,100,107
"1171",31,420,0.99766254,0.9981938,0.9975563,0.9983,100,406,56,100,107
"1172",31,425,0.9977688,0.9981938,0.99766254,0.9983,142,406,100,100,107
"1173",31,440,0.9977688,0.9981938,0.99766254,0.9983,142,406,245,100,107
"1174",31,442,0.9977688,0.9981938,0.99766254,0.9983,142,406,145,300,107
"1175",31,445,0.9977688,0.9981938,0.99766254,0.9983,300,306,245,200,107
"1176",31,446,0.9979813,0.9983,0.99787503,0.9984063,100,100,200,100,107
"1177",31,448,0.99787503,0.9983,0.9977688,0.9984063,100,100,400,100,107
"1178",31,449,0.99787503,0.9983,0.9977688,0.9984063,100,200,400,200,107
"1179",31,451,0.9980875,0.9983,0.9977688,0.9984063,100,200,400,200,107
"1180",31,454,0.9980875,0.9983,0.99787503,0.9984063,100,201,47,200,107
"1181",31,455,0.9980875,0.9983,0.99787503,0.9984063,100,101,47,200,107
"1182",31,456,0.9980875,0.9983,0.99787503,0.9984063,100,201,47,200,107
"1183",31,457,0.9980875,0.9983,0.9979813,0.9984063,100,201,300,200,107
"1184",31,460,0.9980875,0.9983,0.9979813,0.9984063,100,201,200,200,107
"1185",31,461,0.9980875,0.9983,0.9979813,0.9984063,100,101,200,200,107
"1186",31,463,0.9980875,0.9984063,0.9979813,0.99851257,500,200,300,100,107
"1187",31,464,0.9981938,0.9984063,0.9980875,0.9986188,100,200,400,200,107
"1188",31,465,0.9981938,0.9984063,0.9980875,0.9986188,100,200,300,200,107
"1189",31,466,0.9981938,0.9984063,0.9980875,0.9986188,120,200,300,200,107
"1190",31,467,0.9981938,0.9984063,0.9980875,0.9986188,600,200,100,200,107
"1191",31,469,0.9981938,0.9984063,0.9980875,0.9986188,500,200,100,200,107
"1192",31,470,0.9983,0.9986188,0.9981938,0.99872506,100,200,100,46,107
"1193",31,471,0.9983,0.9986188,0.9980875,0.99872506,100,200,100,46,107
"1194",31,473,0.9983,0.9986188,0.9980875,0.9988313,100,200,100,100,107
"1195",31,475,0.9983,0.9986188,0.9980875,0.9988313,152,200,100,100,107
"1196",31,476,0.9983,0.9986188,0.9980875,0.9988313,152,301,100,100,107
"1197",31,480,0.9983,0.9986188,0.9980875,0.9988313,152,301,100,200,107
"1198",31,496,0.9980875,0.9986188,0.9979813,0.9988313,100,201,500,200,107
"1199",31,497,0.9980875,0.9986188,0.9979813,0.9988313,100,201,300,200,107
"1200",31,498,0.9980875,0.9986188,0.9979813,0.9988313,300,201,500,200,107
"1201",31,499,0.9980875,0.9986188,0.9979813,0.9988313,300,201,400,200,107
"1202",31,521,0.9980875,0.9986188,0.9979813,0.9988313,300,201,400,200,107
"1203",31,523,0.9980875,0.9986188,0.9979813,0.9988313,300,501,400,200,107
"1204",31,525,0.9980875,0.9986188,0.9979813,0.99872506,300,501,400,200,107
"1205",31,531,0.9980875,0.9986188,0.9979813,0.99872506,500,501,400,100,107
"1206",31,536,0.9980875,0.9986188,0.9979813,0.99872506,400,501,400,100,107
"1207",31,538,0.9980875,0.9986188,0.9979813,0.99872506,400,401,500,100,107
"1208",31,540,0.9980875,0.9986188,0.9979813,0.99872506,400,401,400,100,107
"1209",31,544,0.9980875,0.9986188,0.9979813,0.99872506,500,401,400,100,107
"1210",31,546,0.9980875,0.9986188,0.9979813,0.99872506,400,401,400,100,107
"1211",31,555,0.99787503,0.9981938,0.9977688,0.9984063,52,200,7,400,107
"1212",31,557,0.99787503,0.9981938,0.9977688,0.9984063,52,200,7,400,107
"1213",31,559,0.9977688,0.9981938,0.99766254,0.9984063,7,300,351,400,107
"1214",31,567,0.9977688,0.9979813,0.99766254,0.9981938,7,203,251,200,107
"1215",31,569,0.9977688,0.9979813,0.99766254,0.9981938,7,103,251,200,107
"1216",31,570,0.9977688,0.9979813,0.99766254,0.9981938,7,203,251,200,107
"1217",31,576,0.9977688,0.9979813,0.99766254,0.9981938,7,203,251,400,107
"1218",31,582,0.9977688,0.9979813,0.99766254,0.9981938,7,203,451,300,107
"1219",31,583,0.9977688,0.9979813,0.99766254,0.9981938,7,203,351,300,107
"1220",31,585,0.99787503,0.9981938,0.9977688,0.9983,110,300,7,115,107
"1221",31,586,0.9977688,0.9981938,0.99766254,0.9983,7,200,351,115,107
"1222",31,587,0.9977688,0.9981938,0.99766254,0.9983,8,200,351,115,107
"1223",31,588,0.9977688,0.9981938,0.99766254,0.9983,8,200,351,100,107
"1224",31,589,0.9977688,0.9981938,0.99766254,0.9983,107,200,351,100,107
"1225",31,590,0.99787503,0.9981938,0.9977688,0.99851257,45,200,8,346,107
"1226",31,591,0.9979813,0.99851257,0.99787503,0.99872506,200,246,45,200,107
"1227",31,592,0.9979813,0.99851257,0.99787503,0.99872506,100,246,45,200,107
"1228",31,594,0.9979813,0.99851257,0.99787503,0.99872506,300,246,145,200,107
"1229",31,595,0.9979813,0.99851257,0.99787503,0.99872506,300,246,145,200,107
"1230",31,596,0.9979813,0.99851257,0.99787503,0.99872506,400,246,200,200,107
"1231",62,0,1.001335,1.0017622,1.0012282,1.0019758,200,6,101,132,107
"1232",62,3,1.001335,1.0017622,1.0012282,1.0019758,200,6,101,332,107
"1233",62,5,1.001335,1.0017622,1.0012282,1.001869,100,6,101,203,107
"1234",62,7,1.0014417,1.0017622,1.001335,1.001869,300,6,100,3,107
"1235",62,8,1.0014417,1.0017622,1.001335,1.001869,200,6,100,3,107
"1236",62,14,1.001335,1.0017622,1.0012282,1.001869,100,6,101,3,107
"1237",62,16,1.0014417,1.0017622,1.001335,1.001869,300,6,100,3,107
"1238",62,17,1.0014417,1.0017622,1.001335,1.001869,200,6,100,3,107
"1239",62,22,1.0014417,1.0017622,1.001335,1.001869,201,6,100,3,107
"1240",62,23,1.0014417,1.0017622,1.001335,1.001869,281,6,100,2,107
"1241",62,25,1.0014417,1.0017622,1.001335,1.001869,181,6,100,2,107
"1242",62,26,1.0010146,1.0014417,1.0009078,1.0015485,300,100,200,100,107
"1243",62,27,1.0010146,1.001335,1.0009078,1.0014417,200,1,100,200,107
"1244",62,28,1.0010146,1.001335,1.0009078,1.0014417,200,1,100,100,107
"1245",62,29,1.0010146,1.001335,1.0009078,1.0015485,200,1,100,100,107
"1246",62,31,1.0010146,1.001335,1.0009078,1.0014417,500,1,100,100,107
"1247",62,32,1.0010146,1.001335,1.0009078,1.0014417,400,1,100,100,107
"1248",62,33,1.0010146,1.001335,1.0009078,1.0014417,400,1,100,100,107
"1249",62,34,1.0010146,1.001335,1.0009078,1.0014417,300,44,100,100,107
"1250",62,35,1.0010146,1.001335,1.0009078,1.0014417,300,44,100,300,107
"1251",62,36,1.0010146,1.001335,1.0009078,1.0014417,300,513,100,200,107
"1252",62,38,1.0010146,1.001335,1.0009078,1.0014417,300,413,100,200,107
"1253",62,42,1.0010146,1.001335,1.0009078,1.0014417,300,413,100,200,107
"1254",62,43,1.0003738,1.0010146,0.9999466,1.0011214,8,353,700,300,107
"1255",62,44,1.0003738,1.0006942,1.0000534,1.0010146,8,100,400,253,107
"1256",62,45,1.0003738,1.0006942,1.0000534,1.0010146,8,300,300,200,107
"1257",62,46,1.0005873,1.0011214,1.0004805,1.0012282,200,200,200,201,107
"1258",62,47,1.0004805,1.0011214,1.0003738,1.0012282,100,100,108,201,107
"1259",62,49,1.0004805,1.0011214,1.0003738,1.0012282,100,100,108,101,107
"1260",62,55,1.0004805,1.0011214,1.0003738,1.0012282,240,100,108,101,107
"1261",62,57,1.0004805,1.0011214,1.0003738,1.0012282,100,100,108,101,107
"1262",62,59,1.0004805,1.0011214,1.0003738,1.0012282,200,100,108,101,107
"1263",62,62,1.0004805,1.0011214,1.0003738,1.0012282,200,100,208,101,107
"1264",62,63,1.0004805,1.0011214,1.0003738,1.0012282,200,600,208,101,107
"1265",62,64,1.0004805,1.0011214,1.0003738,1.0012282,200,400,108,101,107
"1266",62,68,1.0004805,1.0011214,1.0003738,1.0012282,200,400,8,101,107
"1267",62,69,1.0004805,1.0011214,1.0003738,1.0012282,200,400,208,101,107
"1268",62,73,1.0004805,1.0011214,1.0003738,1.0012282,240,400,108,101,107
"1269",62,77,1.0009078,1.0012282,1.0005873,1.001335,100,101,100,202,107
"1270",62,78,1.0009078,1.0012282,1.0005873,1.001335,100,1,100,202,107
"1271",62,83,1.0009078,1.0012282,1.0005873,1.001335,201,1,100,202,107
"1272",62,84,1.0009078,1.0012282,1.0006942,1.001335,101,1,158,202,107
"1273",62,85,1.0009078,1.0012282,1.0006942,1.001335,412,1,58,202,107
"1274",62,86,1.0009078,1.0012282,1.0006942,1.001335,412,1,58,202,107
"1275",62,87,1.0009078,1.0012282,1.0006942,1.001335,312,1,58,202,107
"1276",62,88,1.0010146,1.001335,1.0009078,1.0015485,200,2,323,200,107
"1277",62,89,1.0010146,1.001335,1.0009078,1.0015485,200,2,322,100,107
"1278",62,91,1.0009078,1.001335,1.000801,1.0015485,322,2,58,205,107
"1279",62,92,1.0009078,1.001335,1.000801,1.0015485,322,2,58,105,107
"1280",62,93,1.0009078,1.001335,1.000801,1.0015485,322,2,58,105,107
"1281",62,94,1.0011214,1.0015485,1.0010146,1.0016553,10,5,22,1,107
"1282",62,95,1.0011214,1.0015485,1.0010146,1.0016553,12,5,22,1,107
"1283",62,96,1.0011214,1.0015485,1.0010146,1.0016553,2,5,22,1,107
"1284",62,97,1.0011214,1.0015485,1.0009078,1.0016553,24,5,200,1,107
"1285",62,100,1.0011214,1.0015485,1.0009078,1.0016553,248,5,200,1,107
"1286",62,101,1.0011214,1.0015485,1.0009078,1.0016553,154,5,200,1,107
"1287",62,103,1.0011214,1.0015485,1.0009078,1.0016553,254,5,200,1,107
"1288",62,104,1.0011214,1.0015485,1.0009078,1.0016553,154,5,200,1,107
"1289",62,106,1.0011214,1.0015485,1.0009078,1.0016553,30,5,200,201,107
"1290",62,107,1.0011214,1.0015485,1.0009078,1.0016553,30,106,200,1,107
"1291",62,108,1.0011214,1.0015485,1.0009078,1.0016553,30,106,200,59,107
"1292",62,109,1.0011214,1.0015485,1.0009078,1.0016553,30,5,200,1,107
"1293",62,110,1.0014417,1.0015485,1.0011214,1.0016553,29,5,1,1,107
"1294",62,111,1.0014417,1.0015485,1.0009078,1.0016553,130,5,200,1,107
"1295",62,112,1.0014417,1.0016553,1.0012282,1.0017622,30,1,100,111,107
"1296",62,115,1.0014417,1.0016553,1.0009078,1.0017622,30,1,100,211,107
"1297",62,116,1.0014417,1.0016553,1.0012282,1.0017622,30,102,100,111,107
"1298",62,117,1.0014417,1.0016553,1.0009078,1.0017622,30,2,100,111,107
"1299",62,118,1.0014417,1.0016553,1.0012282,1.0017622,30,1,200,111,107
"1300",62,119,1.0014417,1.0016553,1.001335,1.0017622,30,1,200,111,107
"1301",62,120,1.0014417,1.0016553,1.001335,1.0017622,30,1,100,111,107
"1302",62,125,1.0014417,1.0016553,1.001335,1.0017622,30,2,100,111,107
"1303",62,126,1.0014417,1.0016553,1.001335,1.0017622,30,1,100,111,107
"1304",62,129,1.0015485,1.0019758,1.0014417,1.0020826,128,1,2,318,107
"1305",62,130,1.0017622,1.0019758,1.0015485,1.0020826,2,101,128,316,107
"1306",62,131,1.0017622,1.0019758,1.0015485,1.0020826,2,1,128,216,107
"1307",62,132,1.0017622,1.0019758,1.0015485,1.0020826,2,101,128,116,107
"1308",62,133,1.0017622,1.0019758,1.0015485,1.0020826,130,1,100,116,107
"1309",62,134,1.0017622,1.0019758,1.0015485,1.0020826,30,1,100,116,107
"1310",62,135,1.0017622,1.0019758,1.0015485,1.0020826,30,101,100,116,107
"1311",62,136,1.001335,1.001869,1.0012282,1.0019758,100,310,200,1,107
"1312",62,137,1.0014417,1.001869,1.001335,1.0019758,300,10,100,102,107
"1313",62,138,1.0015485,1.0019758,1.001335,1.0020826,100,1,358,117,107
"1314",62,139,1.0015485,1.0019758,1.001335,1.0020826,100,1,258,17,107
"1315",62,141,1.0015485,1.0022962,1.001335,1.0024029,100,526,258,1,107
"1316",62,142,1.0015485,1.0022962,1.001335,1.0024029,101,527,258,201,107
"1317",62,143,1.0015485,1.0022962,1.001335,1.0024029,181,444,258,101,107
"1318",62,145,1.0015485,1.0022962,1.001335,1.0024029,81,338,200,101,107
"1319",62,147,1.0015485,1.0022962,1.0014417,1.0024029,81,12,158,201,107
"1320",62,149,1.0015485,1.0022962,1.0014417,1.0024029,81,11,58,2,107
"1321",62,151,1.0015485,1.0022962,1.0014417,1.0024029,81,11,58,102,107
"1322",62,153,1.0015485,1.0022962,1.0014417,1.0024029,81,11,58,2,107
"1323",62,154,1.0015485,1.0022962,1.001335,1.0024029,81,12,100,201,107
"1324",62,155,1.0015485,1.0022962,1.001335,1.0024029,81,412,100,201,107
"1325",62,156,1.0016553,1.0022962,1.0015485,1.0024029,100,201,81,102,107
"1326",62,157,1.0016553,1.0022962,1.0015485,1.0024029,203,201,78,102,107
"1327",62,158,1.0016553,1.0022962,1.0015485,1.0024029,103,201,78,102,107
"1328",62,159,1.0016553,1.0022962,1.0015485,1.0024029,103,302,78,101,107
"1329",62,160,1.0016553,1.0022962,1.0015485,1.0024029,103,301,78,302,107
"1330",62,163,1.0016553,1.0022962,1.0015485,1.0024029,103,602,78,101,107
"1331",62,164,1.0016553,1.0022962,1.0015485,1.0024029,103,602,78,101,107
"1332",62,165,1.0016553,1.0022962,1.0015485,1.0024029,103,502,78,1,107
"1333",62,166,1.0016553,1.0022962,1.0015485,1.0024029,103,402,78,101,107
"1334",62,167,1.0016553,1.0022962,1.0015485,1.0024029,103,402,78,201,107
"1335",62,168,1.0016553,1.0022962,1.0015485,1.0024029,103,402,78,101,107
"1336",62,169,1.0016553,1.0022962,1.0015485,1.0024029,103,402,78,1,107
"1337",62,170,1.0016553,1.0021894,1.0015485,1.0022962,102,253,78,502,107
"1338",62,171,1.001869,1.0021894,1.0016553,1.0022962,2,200,100,302,107
"1339",62,172,1.001869,1.0021894,1.0016553,1.0022962,2,301,100,301,107
"1340",62,173,1.001869,1.0021894,1.0016553,1.0022962,2,201,100,301,107
"1341",62,174,1.001869,1.0021894,1.0016553,1.0022962,2,1,200,411,107
"1342",62,175,1.001869,1.0022962,1.0016553,1.0024029,2,512,200,101,107
"1343",62,176,1.001869,1.0022962,1.0016553,1.0024029,2,412,400,101,107
"1344",62,177,1.001869,1.0022962,1.0016553,1.0024029,2,512,300,101,107
"1345",62,178,1.001869,1.0022962,1.0016553,1.0024029,2,512,300,101,107
"1346",62,179,1.001869,1.0022962,1.0016553,1.0024029,2,412,300,101,107
"1347",62,180,1.001869,1.0022962,1.0016553,1.0024029,2,612,300,101,107
"1348",62,181,1.001869,1.0022962,1.0016553,1.0024029,2,512,100,101,107
"1349",62,182,1.001869,1.0022962,1.0016553,1.0024029,2,512,100,101,107
"1350",62,183,1.001869,1.0022962,1.0016553,1.0024029,2,512,300,101,107
"1351",62,184,1.001869,1.0022962,1.0016553,1.0024029,2,512,200,101,107
"1352",62,185,1.001869,1.0022962,1.0016553,1.0024029,2,512,400,101,107
"1353",62,186,1.001869,1.0022962,1.0016553,1.0024029,2,512,300,101,107
"1354",62,187,1.001869,1.0022962,1.0016553,1.0024029,2,512,300,101,107
"1355",62,188,1.001869,1.0022962,1.0016553,1.0024029,2,412,300,101,107
"1356",62,189,1.001869,1.0022962,1.0016553,1.0024029,2,512,300,101,107
"1357",62,190,1.001869,1.0021894,1.0016553,1.0022962,2,1,100,311,107
"1358",62,192,1.001869,1.0021894,1.0016553,1.0022962,2,201,300,311,107
"1359",62,193,1.001869,1.0022962,1.0016553,1.0024029,2,612,200,101,107
"1360",62,194,1.001869,1.0022962,1.0016553,1.0024029,2,512,200,101,107
"1361",62,195,1.001869,1.0022962,1.0016553,1.0024029,2,412,200,101,107
"1362",62,196,1.001869,1.0022962,1.0016553,1.0024029,2,412,400,101,107
"1363",62,198,1.001869,1.0022962,1.0016553,1.0024029,2,211,300,1,107
"1364",62,199,1.0020826,1.0024029,1.0019758,1.0025097,200,1,100,299,107
"1365",62,200,1.0022962,1.0026165,1.0020826,1.0027233,100,1,200,1,107
"1366",62,201,1.0022962,1.0026165,1.001869,1.0027233,300,1,2,544,107
"1367",62,202,1.0022962,1.0026165,1.001869,1.0027233,401,1,2,544,107
"1368",62,203,1.0022962,1.0026165,1.001869,1.0027233,302,1,2,544,107
"1369",62,204,1.0022962,1.0026165,1.001869,1.0027233,202,1,2,544,107
"1370",62,207,1.0022962,1.0026165,1.0021894,1.0027233,202,1,100,444,107
"1371",62,208,1.0022962,1.0026165,1.0021894,1.0027233,2,1,100,545,107
"1372",62,209,1.0022962,1.0026165,1.0021894,1.0027233,2,450,100,101,107
"1373",62,210,1.0021894,1.0025097,1.001869,1.0026165,100,86,2,101,107
"1374",62,214,1.0022962,1.0027233,1.0021894,1.0028301,300,1,100,465,107
"1375",62,215,1.001869,1.0027233,1.0017622,1.0028301,2,324,100,2,107
"1376",62,217,1.001869,1.0026165,1.0017622,1.0027233,2,413,100,201,107
"1377",62,218,1.0019758,1.0026165,1.001869,1.0027233,300,213,2,201,107
"1378",62,220,1.0019758,1.0026165,1.001869,1.0027233,200,213,2,201,107
"1379",62,226,1.0026165,1.0028301,1.0022962,1.002937,100,2,200,587,107
"1380",62,229,1.0019758,1.0026165,1.001869,1.0027233,157,369,2,404,107
"1381",62,230,1.0019758,1.0026165,1.001869,1.0027233,157,269,2,304,107
"1382",62,231,1.0019758,1.0026165,1.001869,1.0027233,157,770,2,404,107
"1383",62,233,1.0021894,1.0026165,1.0019758,1.0027233,203,669,157,304,107
"1384",62,237,1.0021894,1.0026165,1.0019758,1.0027233,3,669,157,304,107
"1385",62,238,1.0021894,1.0026165,1.0019758,1.0027233,3,669,57,405,107
"1386",62,241,1.0022962,1.0026165,1.0021894,1.0027233,100,669,103,304,107
"1387",62,258,1.0024029,1.0028301,1.0022962,1.002937,455,2,100,540,107
"1388",62,259,1.0024029,1.0028301,1.0022962,1.002937,355,2,100,440,107
"1389",62,260,1.0024029,1.0028301,1.0022962,1.002937,145,2,100,440,107
