"","time_id","seconds_in_bucket","bid_price1","ask_price1","bid_price2","ask_price2","bid_size1","ask_size1","bid_size2","ask_size2","stock_id"
"1",5,0,1.0007336,1.0010769,1.0005151,1.0012019,1,1,1,62,109
"2",5,1,1.0007336,1.0010769,1.0005151,1.0012019,1,1,1,25,109
"3",5,2,1.0008897,1.0016389,1.0008584,1.0017949,1,25,3,39,109
"4",5,4,1.0010769,1.0016389,1.0008897,1.0017949,4,45,1,39,109
"5",5,6,1.0010457,1.0016389,1.0008897,1.0017949,4,45,1,39,109
"6",5,9,1.0010457,1.0016389,1.0008584,1.0017949,4,45,3,39,109
"7",5,10,1.0010457,1.0016389,1.0007336,1.0017949,4,45,2,39,109
"8",5,11,1.0010457,1.0014516,1.0007336,1.0016389,4,104,2,45,109
"9",5,12,1.0010457,1.0014204,1.0007336,1.0014516,4,4,2,100,109
"10",5,13,1.0010457,1.0014204,1.0009521,1.0014516,4,4,1,100,109
"11",5,14,1.0009521,1.0011706,1.0006399,1.0013891,1,20,37,100,109
"12",5,15,1.0010457,1.0013891,1.0009521,1.0016389,100,100,26,45,109
"13",5,16,1.0010457,1.0017949,1.0009521,1.0018262,137,2,25,1,109
"14",5,18,1.0010457,1.0017949,1.0009521,1.0018262,37,2,25,1,109
"15",5,19,1.0010457,1.0017949,1.0009209,1.0018262,37,2,25,1,109
"16",5,20,1.0010457,1.0017949,1.000796,1.0018262,37,2,42,1,109
"17",5,22,1.0010457,1.0015764,1.000796,1.0017949,37,25,67,2,109
"18",5,24,1.0012331,1.0015764,1.0010457,1.0016701,27,25,37,1,109
"19",5,26,1.0010457,1.0015764,1.0008272,1.0016701,37,25,25,1,109
"20",5,27,1.0010457,1.0015764,1.0008272,1.0016701,37,25,25,1,109
"21",5,28,1.0010457,1.0015764,1.0008272,1.0016701,37,25,25,1,109
"22",5,29,1.0011394,1.0015764,1.0010457,1.0016701,1,125,37,1,109
"23",5,32,1.0011394,1.0015452,1.0010457,1.0015764,1,100,37,25,109
"24",5,33,1.0011394,1.0015452,1.0010457,1.0015764,1,101,37,25,109
"25",5,35,1.0010457,1.001514,1.0007336,1.0015452,37,101,125,100,109
"26",5,36,1.0011082,1.001514,1.0010457,1.0015452,25,100,37,101,109
"27",5,37,1.0011082,1.001514,1.0010457,1.0015452,25,201,37,100,109
"28",5,38,1.0010457,1.0014516,1.0007336,1.0015452,37,1,167,100,109
"29",5,39,1.0010457,1.0014204,1.0010146,1.0016701,37,1,25,1,109
"30",5,40,1.0011394,1.0016077,1.0010457,1.0016701,25,1,37,1,109
"31",5,41,1.0010457,1.0014516,1.0007336,1.0016701,37,26,67,1,109
"32",5,42,1.0007336,1.0014516,1.0007024,1.0016701,42,25,25,2,109
"33",5,43,1.0007336,1.0014516,1.0007024,1.0016701,42,25,25,2,109
"34",5,44,1.0010769,1.0014516,1.0007336,1.0015452,37,27,42,11,109
"35",5,45,1.0007336,1.0014827,1.0007024,1.0016701,42,101,25,100,109
"36",5,46,1.0010457,1.0014827,1.0007336,1.0016701,37,201,42,100,109
"37",5,47,1.0010457,1.0014827,1.0007336,1.0017012,37,201,42,26,109
"38",5,49,1.0007336,1.0013579,1.0007024,1.0014827,42,25,25,101,109
"39",5,50,1.0007336,1.0013579,1.0007024,1.0014827,42,25,25,101,109
"40",5,51,1.0010457,1.0014827,1.0007336,1.0017012,40,101,42,26,109
"41",5,52,1.0007336,1.0013579,1.0007024,1.0014827,42,25,25,101,109
"42",5,53,1.0007336,1.0013579,1.0006399,1.0014827,42,25,37,101,109
"43",5,54,1.0006399,1.0012954,1.0004839,1.0014516,40,25,1,1,109
"44",5,55,1.0006399,1.0014516,1.0004839,1.0014827,40,121,1,100,109
"45",5,56,1.0007024,1.0014516,1.0006399,1.0014827,25,101,40,100,109
"46",5,57,1.0007024,1.0014516,1.0006399,1.0017012,25,101,40,26,109
"47",5,58,1.0007024,1.0014516,1.0006399,1.0017012,25,1,40,26,109
"48",5,59,1.0010769,1.0014827,1.0007648,1.0017012,40,1,43,1,109
"49",5,60,1.0013579,1.0016701,1.0011706,1.0017012,100,25,25,1,109
"50",5,61,1.0013579,1.0016701,1.0010769,1.0017012,100,25,40,1,109
"51",5,62,1.0013579,1.0017012,1.0011706,1.0017325,100,1,25,1,109
"52",5,63,1.0013891,1.0017325,1.0011706,1.0017949,100,1,25,2,109
"53",5,64,1.0014204,1.0017325,1.0013891,1.0017949,4,1,100,2,109
"54",5,65,1.0014827,1.0018262,1.0014204,1.0018574,130,1,4,1,109
"55",5,66,1.0014827,1.0018262,1.0011706,1.0018574,130,1,25,1,109
"56",5,68,1.0011706,1.0018262,1.0010769,1.0018574,25,1,40,1,109
"57",5,69,1.001514,1.0018262,1.0011706,1.0018574,130,1,25,1,109
"58",5,70,1.001514,1.0018262,1.0011706,1.0018574,130,1,25,1,109
"59",5,71,1.001514,1.0018262,1.0011706,1.0018574,230,1,25,1,109
"60",5,72,1.001514,1.0018262,1.0011706,1.0018574,100,1,25,1,109
"61",5,74,1.0015452,1.0018262,1.001514,1.0018574,4,1,100,1,109
"62",5,75,1.0015452,1.0018262,1.0011706,1.0018574,104,1,25,1,109
"63",5,76,1.0015452,1.0018262,1.0011706,1.0018574,104,1,25,1,109
"64",5,77,1.0015452,1.0018262,1.0011706,1.0018574,205,1,25,1,109
"65",5,78,1.0015764,1.0018262,1.0015452,1.0018574,104,1,1,1,109
"66",5,79,1.0015764,1.0017949,1.0015452,1.0018262,104,25,1,1,109
"67",5,81,1.0010769,1.0017949,1.0010146,1.0018262,165,25,100,1,109
"68",5,82,1.0010769,1.0016077,1.0010146,1.0017949,165,4,100,25,109
"69",5,83,1.0010769,1.0016077,1.0010457,1.0017949,140,4,25,25,109
"70",5,84,1.0010769,1.0015452,1.0010146,1.0017949,165,4,100,25,109
"71",5,85,1.0010769,1.0015764,1.0010146,1.0017949,140,204,100,25,109
"72",5,86,1.0011082,1.0015764,1.0010769,1.0017949,25,204,40,25,109
"73",5,87,1.0010769,1.0015452,1.0010146,1.0015764,40,4,125,200,109
"74",5,88,1.0010146,1.0014516,1.0007336,1.0015452,100,25,1,4,109
"75",5,89,1.0010146,1.0014204,1.0007336,1.0016389,165,104,1,1,109
"76",5,90,1.0010146,1.0016389,1.0007648,1.0017637,165,1,100,25,109
"77",5,91,1.0010146,1.0016077,1.0007648,1.0016389,165,100,100,1,109
"78",5,92,1.0013579,1.0016077,1.0010146,1.0016389,100,100,165,1,109
"79",5,93,1.0013579,1.0018262,1.0012954,1.0018574,100,1,25,1,109
"80",5,94,1.0013579,1.0018262,1.0013267,1.0018574,100,1,25,1,109
"81",5,95,1.0014516,1.0018262,1.0012331,1.0018574,100,1,25,1,109
"82",5,96,1.0014516,1.0017949,1.0010146,1.0018262,100,100,165,1,109
"83",5,97,1.0014516,1.0017949,1.0010146,1.0018262,100,200,165,1,109
"84",5,98,1.0013579,1.001514,1.0011394,1.0016077,100,100,25,25,109
"85",5,99,1.0013579,1.001514,1.0011394,1.0016077,69,100,25,25,109
"86",5,100,1.0013579,1.0014827,1.0011394,1.001514,69,1,25,100,109
"87",5,101,1.0011082,1.001514,1.0010146,1.0015452,100,100,140,9,109
"88",5,102,1.0011394,1.001514,1.0011082,1.0015452,25,100,100,9,109
"89",5,103,1.0013267,1.0018262,1.0011394,1.0018574,38,126,25,1,109
"90",5,104,1.0013267,1.0018262,1.0011394,1.0018574,25,1,25,1,109
"91",5,105,1.0013267,1.0017949,1.0011394,1.0018262,25,1,25,1,109
"92",5,106,1.0013267,1.0017949,1.0011394,1.0018262,25,1,26,1,109
"93",5,107,1.0013267,1.0017949,1.0012642,1.0018262,25,1,1,1,109
"94",5,108,1.0013267,1.0018262,1.0012642,1.0018574,25,1,1,1,109
"95",5,109,1.0012642,1.0017949,1.0011394,1.0018262,1,1,25,1,109
"96",5,110,1.0013267,1.0017637,1.0012642,1.0018262,25,1,1,1,109
"97",5,111,1.0012642,1.0017637,1.0011394,1.0018262,1,1,25,1,109
"98",5,112,1.0016077,1.0018574,1.0012954,1.0018886,200,1,25,2,109
"99",5,113,1.0010146,1.0017012,1.0007336,1.0018262,100,15,44,25,109
"100",5,114,1.0010146,1.0016701,1.0009834,1.0017012,100,375,25,15,109
"101",5,115,1.0010146,1.0016701,1.0009834,1.0017012,100,162,25,15,109
"102",5,116,1.0012019,1.0016701,1.0010146,1.0017012,25,162,100,15,109
"103",5,117,1.0014516,1.0018574,1.0012019,1.0018886,25,1,102,2,109
"104",5,118,1.0012019,1.0018262,1.0011706,1.0018574,25,142,39,1,109
"105",5,119,1.0012019,1.0018262,1.0011706,1.0018574,25,142,39,1,109
"106",5,120,1.0014204,1.0018574,1.0013579,1.0018886,25,1,100,2,109
"107",5,122,1.0014516,1.0018574,1.0014204,1.0018886,25,153,100,2,109
"108",5,123,1.0014204,1.0018574,1.0012019,1.0018886,100,1,25,2,109
"109",5,124,1.0017012,1.0019197,1.0014516,1.001951,25,100,25,1,109
"110",5,125,1.0016701,1.0019197,1.0014827,1.001951,1,100,3,1,109
"111",5,126,1.0014827,1.0019197,1.0014516,1.001951,4,100,25,1,109
"112",5,127,1.0014827,1.0019197,1.0014516,1.001951,104,100,25,1,109
"113",5,129,1.001514,1.0019197,1.0014827,1.001951,25,100,104,1,109
"114",5,130,1.001514,1.0019197,1.0014827,1.001951,29,100,100,1,109
"115",5,132,1.001514,1.0019197,1.0012019,1.001951,30,100,25,1,109
"116",5,133,1.0017637,1.0021695,1.0015452,1.0022007,25,1,4,1,109
"117",5,134,1.0018574,1.0021695,1.0017637,1.0022007,104,1,25,1,109
"118",5,135,1.0018574,1.0021695,1.001514,1.0022007,129,1,26,1,109
"119",5,136,1.0018574,1.0021695,1.001514,1.0022007,104,1,26,1,109
"120",5,137,1.001514,1.001951,1.0012019,1.0021384,1,6,25,30,109
"121",5,138,1.0015764,1.0021384,1.001514,1.0021695,25,30,1,1,109
"122",5,139,1.0015764,1.0021695,1.001514,1.0022007,141,1,1,1,109
"123",5,141,1.0015764,1.0021695,1.001514,1.0022007,64,1,1,1,109
"124",5,142,1.001514,1.0020759,1.0014204,1.0021071,1,432,25,139,109
"125",5,144,1.001514,1.0019197,1.0012019,1.001951,1,50,25,75,109
"126",5,145,1.0012642,1.001951,1.0010457,1.0020759,102,25,39,5,109
"127",5,146,1.0011706,1.0017949,1.0010457,1.001951,25,317,39,164,109
"128",5,147,1.0011706,1.0017949,1.0010457,1.001951,25,317,39,64,109
"129",5,149,1.0011394,1.0017949,1.0010457,1.001951,25,217,39,164,109
"130",5,151,1.0010457,1.0015764,1.0010146,1.0016077,39,1,109,25,109
"131",5,152,1.0011082,1.0015764,1.0010769,1.0016389,2,1,25,2,109
"132",5,153,1.0011394,1.0015764,1.0010769,1.0016389,2,1,25,2,109
"133",5,154,1.0011394,1.0015764,1.0010769,1.0016389,2,1,25,2,109
"134",5,155,1.0011394,1.0015764,1.0010769,1.0016077,2,1,25,25,109
"135",5,156,1.0011394,1.0015764,1.0010457,1.0016077,2,1,39,25,109
"136",5,157,1.0011394,1.0015764,1.0010769,1.0016077,2,1,25,25,109
"137",5,158,1.0011394,1.0015764,1.0010457,1.0016077,2,1,39,25,109
"138",5,159,1.0011394,1.001514,1.0010146,1.0015452,4,50,9,62,109
"139",5,160,1.0009834,1.0015452,1.0009521,1.0015764,102,10,100,1,109
"140",5,161,1.0009834,1.0015452,1.0009521,1.0015764,77,10,125,1,109
"141",5,162,1.0009834,1.0015452,1.0009521,1.0017325,2,10,125,101,109
"142",5,163,1.0009834,1.001514,1.0009521,1.0015764,2,96,100,25,109
"143",5,164,1.0009834,1.0014827,1.0009521,1.001514,2,50,100,96,109
"144",5,165,1.0009834,1.0014827,1.0009521,1.001514,2,128,100,96,109
"145",5,166,1.0009834,1.0014516,1.0009521,1.0014827,2,50,125,51,109
"146",5,167,1.0009834,1.0014827,1.0009521,1.001514,2,1,125,57,109
"147",5,169,1.0009521,1.0014516,1.0008272,1.0014827,125,1,1,1,109
"148",5,170,1.0009521,1.0014827,1.0008272,1.001514,125,1,1,57,109
"149",5,171,1.0009521,1.0014516,1.0008272,1.001514,100,79,1,95,109
"150",5,172,1.0009521,1.0014516,1.0008272,1.001514,125,2,1,57,109
"151",5,173,1.0010769,1.0014516,1.0010457,1.001514,2,2,100,57,109
"152",5,175,1.0010769,1.0014204,1.0010457,1.0014516,102,100,100,1,109
"153",5,176,1.0010769,1.0014204,1.0010457,1.001514,102,100,100,6,109
"154",5,177,1.0013267,1.0018886,1.0012954,1.001951,77,100,300,25,109
"155",5,178,1.0013267,1.0018886,1.0012954,1.001951,77,100,200,25,109
"156",5,179,1.0013267,1.0018886,1.0012954,1.001951,79,100,200,25,109
"157",5,180,1.0013579,1.0018886,1.0013267,1.001951,1,262,2,25,109
"158",5,181,1.0013579,1.0018886,1.0013267,1.001951,1,162,2,25,109
"159",5,182,1.0013891,1.0018886,1.0013267,1.001951,101,162,2,25,109
"160",5,183,1.0013891,1.0018886,1.0013267,1.001951,101,162,2,25,109
"161",5,184,1.0014204,1.0018886,1.0013891,1.0021384,2,162,126,1,109
"162",5,185,1.0014516,1.0018886,1.0014204,1.0021384,100,100,106,1,109
"163",5,186,1.0014516,1.0018886,1.0014204,1.0021384,100,100,2,1,109
"164",5,187,1.0014516,1.0018886,1.0014204,1.0021384,100,100,2,1,109
"165",5,188,1.0014516,1.0018886,1.0014204,1.0019822,200,162,2,25,109
"166",5,189,1.0014827,1.0018886,1.0014516,1.0019822,100,162,200,25,109
"167",5,190,1.0014827,1.0018574,1.0014516,1.0018886,100,50,200,162,109
"168",5,191,1.0014827,1.0018886,1.0014516,1.001951,100,162,200,38,109
"169",5,192,1.0014827,1.0018574,1.0014516,1.0018886,200,50,100,162,109
"170",5,193,1.0014827,1.0018886,1.0014516,1.0021384,200,162,100,1,109
"171",5,194,1.0014827,1.0018886,1.0014516,1.0021384,200,162,100,1,109
"172",5,195,1.001514,1.0018886,1.0014827,1.0021384,2,162,200,1,109
"173",5,196,1.001514,1.0018886,1.0014827,1.0021384,107,162,200,1,109
"174",5,198,1.001514,1.0018886,1.0014827,1.0021384,7,162,100,1,109
"175",5,199,1.001514,1.0018886,1.0014827,1.0019197,7,187,100,38,109
"176",5,200,1.0014827,1.0018574,1.0014516,1.0018886,100,3,138,162,109
"177",5,201,1.001514,1.0018886,1.0014827,1.0021384,5,162,100,1,109
"178",5,202,1.001514,1.0018574,1.0014827,1.0018886,5,20,100,162,109
"179",5,203,1.001514,1.0018574,1.0014827,1.0018886,3,20,100,162,109
"180",5,204,1.001514,1.0018574,1.0014827,1.0018886,107,20,100,162,109
"181",5,205,1.001514,1.0018886,1.0014516,1.0021384,107,162,100,1,109
"182",5,206,1.0018886,1.0021384,1.0017325,1.0021695,200,1,125,1,109
"183",5,207,1.0018886,1.0021384,1.0017325,1.0021695,100,1,125,1,109
"184",5,208,1.0018886,1.0021384,1.0017325,1.0021695,200,1,125,1,109
"185",5,209,1.0018886,1.0021384,1.0017325,1.0021695,185,1,100,1,109
"186",5,210,1.0018886,1.0021384,1.0017325,1.0021695,185,1,100,1,109
"187",5,211,1.0019822,1.0021384,1.0018886,1.0021695,1,1,185,1,109
"188",5,212,1.0019822,1.0023257,1.0019197,1.0023569,1,103,25,1,109
"189",5,213,1.0020134,1.0023257,1.0019197,1.0023569,3,3,25,1,109
"190",5,214,1.0020134,1.0023257,1.0019197,1.0023569,103,3,25,1,109
"191",5,215,1.0020134,1.0023257,1.0018886,1.0023569,103,3,85,3,109
"192",5,216,1.0017012,1.0019197,1.001514,1.001951,4,20,100,38,109
"193",5,217,1.0017012,1.0021384,1.0016389,1.0022944,100,200,25,25,109
"194",5,218,1.0017012,1.0020759,1.0016389,1.0021384,100,50,25,200,109
"195",5,219,1.0017012,1.0020759,1.0016389,1.0023257,100,10,25,10,109
"196",5,220,1.0017012,1.0022944,1.0016389,1.0023257,100,25,25,10,109
"197",5,221,1.0017325,1.0020134,1.0016389,1.0020447,100,20,25,20,109
"198",5,222,1.0017949,1.0023257,1.0017325,1.0023569,25,7,100,1,109
"199",5,223,1.0017949,1.0020759,1.0017325,1.0023257,25,10,100,7,109
"200",5,224,1.0017949,1.0023257,1.0016389,1.0023569,25,7,25,26,109
"201",5,225,1.0016389,1.0022007,1.001514,1.0023257,25,25,100,7,109
"202",5,226,1.0016389,1.0020759,1.001514,1.0021071,25,20,100,20,109
"203",5,227,1.0017949,1.0020759,1.0016389,1.0023257,25,2,25,107,109
"204",5,228,1.0017949,1.0020759,1.0016389,1.0023257,25,2,25,7,109
"205",5,229,1.0016389,1.0021695,1.001514,1.0022007,25,20,100,20,109
"206",5,230,1.0017949,1.0021071,1.0016389,1.0021384,125,6,25,20,109
"207",5,231,1.0017949,1.0021071,1.0016389,1.0021384,125,6,25,20,109
"208",5,232,1.0017949,1.0021384,1.0016389,1.0021695,125,20,25,20,109
"209",5,233,1.0018262,1.0021384,1.0017949,1.0021695,25,22,100,20,109
"210",5,234,1.0017949,1.0021384,1.0016389,1.0021695,100,22,25,20,109
"211",5,235,1.0017949,1.0021071,1.0016389,1.0021384,100,12,25,20,109
"212",5,236,1.0017949,1.0021384,1.0016389,1.0021695,100,22,25,20,109
"213",5,237,1.0017949,1.0021384,1.0016389,1.0021695,125,20,25,22,109
"214",5,239,1.0017949,1.0021384,1.0016389,1.0021695,100,20,25,22,109
"215",5,240,1.0017949,1.0021384,1.0016389,1.0021695,100,20,25,22,109
"216",5,241,1.0017949,1.0021384,1.0016389,1.0021695,100,20,25,20,109
"217",5,242,1.0017949,1.0021695,1.0016389,1.0022007,125,20,25,20,109
"218",5,244,1.0019197,1.0021384,1.0017949,1.0021695,3,66,125,169,109
"219",5,245,1.0019197,1.0021384,1.0017949,1.0021695,103,4,25,169,109
"220",5,246,1.001514,1.0019822,1.0014516,1.0020447,100,2,38,25,109
"221",5,247,1.0016389,1.001951,1.001514,1.0021695,25,4,100,74,109
"222",5,248,1.0016389,1.0021695,1.001514,1.0023257,25,49,100,1,109
"223",5,249,1.0018262,1.0021695,1.0016389,1.0023257,125,49,25,1,109
"224",5,250,1.0018262,1.0021695,1.0016389,1.002232,125,45,25,8,109
"225",5,251,1.0020759,1.0025442,1.0018262,1.0025754,25,1,25,1,109
"226",5,253,1.0021384,1.0025129,1.0020759,1.0025442,100,5,25,1,109
"227",5,254,1.0021384,1.0025129,1.0018262,1.0025442,100,5,25,1,109
"228",5,255,1.0021384,1.0024505,1.0018262,1.0024817,100,50,25,12,109
"229",5,256,1.0021384,1.0024817,1.0021071,1.0025129,100,12,20,5,109
"230",5,257,1.0021384,1.0024817,1.0021071,1.0025442,100,12,20,101,109
"231",5,258,1.0016701,1.0022944,1.0016389,1.0024192,101,50,25,41,109
"232",5,259,1.0018574,1.0023257,1.0016701,1.0025442,100,3,101,101,109
"233",5,260,1.0018574,1.0022632,1.0016701,1.002388,100,103,101,41,109
"234",5,261,1.0018574,1.002232,1.0016701,1.0022632,100,3,101,100,109
"235",5,262,1.0019197,1.002232,1.0018574,1.0022632,25,3,275,100,109
"236",5,263,1.0018574,1.0021695,1.0016701,1.0022007,275,100,101,3,109
"237",5,264,1.0018574,1.0021695,1.0016701,1.002388,275,200,101,41,109
"238",5,265,1.0018574,1.0021384,1.0016701,1.0021695,275,103,101,100,109
"239",5,266,1.001951,1.0025442,1.0019197,1.0025754,100,1,25,1,109
"240",5,268,1.0020759,1.0025442,1.001951,1.0025754,100,1,100,1,109
"241",5,269,1.0020759,1.0025442,1.001951,1.0025754,100,1,100,1,109
"242",5,270,1.0020759,1.0024192,1.001951,1.0025442,125,41,100,1,109
"243",5,271,1.0021071,1.0025442,1.0020759,1.0025754,25,1,100,1,109
"244",5,272,1.0021071,1.0025442,1.0020759,1.0025754,25,1,100,1,109
"245",5,273,1.0022944,1.0025442,1.0021071,1.0025754,25,1,25,1,109
"246",5,274,1.0022944,1.0025442,1.0021071,1.0025754,100,1,25,1,109
"247",5,275,1.0022944,1.0025442,1.0021071,1.0025754,100,1,25,1,109
"248",5,276,1.0023257,1.0025442,1.0021071,1.0025754,100,1,25,1,109
"249",5,277,1.0023257,1.0025442,1.0021071,1.0025754,100,1,25,1,109
"250",5,278,1.0021071,1.0025442,1.001951,1.0025754,25,1,100,1,109
"251",5,279,1.0021384,1.0024817,1.001951,1.0025129,100,50,125,62,109
"252",5,283,1.0021384,1.0024505,1.001951,1.0025129,100,10,125,62,109
"253",5,284,1.0021384,1.0024505,1.001951,1.0025129,100,10,100,62,109
"254",5,285,1.0021384,1.0024505,1.001951,1.0025129,100,1,100,62,109
"255",5,286,1.0021384,1.0024505,1.001951,1.0025129,100,4,100,62,109
"256",5,287,1.0021384,1.0024192,1.001951,1.0024505,100,3,100,1,109
"257",5,288,1.0021384,1.0024192,1.001951,1.0025129,100,104,100,62,109
"258",5,289,1.001951,1.002232,1.0017949,1.0022632,100,1,25,25,109
"259",5,290,1.001951,1.002232,1.0016701,1.0022944,100,1,104,25,109
"260",5,291,1.001951,1.002232,1.0017949,1.0022944,100,5,25,25,109
"261",5,292,1.001951,1.002232,1.0017949,1.0023569,100,5,25,25,109
"262",5,293,1.001951,1.0021071,1.0017949,1.002232,100,1,25,4,109
"263",5,294,1.0019822,1.002232,1.001951,1.0024192,25,3,100,1,109
"264",5,295,1.0019822,1.002232,1.001951,1.0023569,25,10,100,6,109
"265",5,296,1.001951,1.0023569,1.0017949,1.002388,100,6,25,15,109
"266",5,297,1.0019822,1.0023569,1.001951,1.002388,25,6,200,15,109
"267",5,299,1.0019822,1.0023569,1.001951,1.002388,25,6,200,15,109
"268",5,300,1.0019822,1.002232,1.001951,1.0023569,25,1,200,6,109
"269",5,301,1.0019822,1.0023569,1.001951,1.0024192,25,7,200,100,109
"270",5,302,1.0019822,1.0023569,1.001951,1.0024192,125,8,100,140,109
"271",5,304,1.0020134,1.0022944,1.0019822,1.0023569,25,9,100,1,109
"272",5,305,1.0019822,1.002232,1.001951,1.0022944,125,1,100,6,109
"273",5,306,1.002232,1.002669,1.0019822,1.0027002,25,1,125,1,109
"274",5,307,1.0024192,1.002669,1.0019822,1.0027002,3,1,125,1,109
"275",5,308,1.0024192,1.002669,1.0019822,1.0027002,3,1,125,47,109
"276",5,309,1.0024192,1.002669,1.0019822,1.0027002,3,1,25,47,109
"277",5,310,1.0024192,1.002669,1.0022632,1.0027002,3,1,25,22,109
"278",5,311,1.0024192,1.002669,1.0021695,1.0027002,3,15,25,1,109
"279",5,312,1.0026065,1.0027939,1.0025754,1.002825,100,1,25,2,109
"280",5,313,1.0026065,1.0027939,1.0025754,1.002825,100,1,25,2,109
"281",5,314,1.0026065,1.002825,1.0023569,1.0028563,100,2,25,16,109
"282",5,315,1.0026065,1.002825,1.0023569,1.0028563,201,2,25,16,109
"283",5,316,1.0021384,1.0027002,1.0019822,1.0027314,1,6,25,15,109
"284",5,317,1.0021384,1.0025754,1.0019822,1.0027002,1,1,25,9,109
"285",5,318,1.0021384,1.0025754,1.0019822,1.0027314,1,2,25,15,109
"286",5,319,1.0021384,1.0025754,1.0019822,1.0027314,1,5,25,15,109
"287",5,320,1.0023569,1.002825,1.0021384,1.0028875,25,2,1,42,109
"288",5,321,1.0024192,1.002825,1.0021384,1.0029187,25,135,1,1,109
"289",5,322,1.0021384,1.0027939,1.0019822,1.002825,1,145,25,42,109
"290",5,325,1.0021384,1.0027939,1.0019822,1.002825,1,145,25,2,109
"291",5,326,1.0021384,1.0027939,1.0019822,1.002825,1,130,25,42,109
"292",5,327,1.0021384,1.0025754,1.0017949,1.002825,1,61,26,42,109
"293",5,328,1.0021384,1.0025754,1.0017949,1.002825,1,51,26,42,109
"294",5,330,1.0021384,1.0024192,1.0018886,1.0025754,1,137,40,2,109
"295",5,331,1.0018886,1.0024192,1.0017949,1.002825,40,37,26,42,109
"296",5,332,1.0018886,1.0024192,1.0017949,1.002825,40,137,26,42,109
"297",5,333,1.0018886,1.0024192,1.0017949,1.0027939,40,137,26,1,109
"298",5,335,1.0021695,1.0027002,1.0018886,1.002825,100,10,40,42,109
"299",5,336,1.0021695,1.0027002,1.0018886,1.002825,100,6,40,2,109
"300",5,337,1.0023569,1.0027002,1.0021695,1.002825,25,6,100,42,109
"301",5,338,1.0025129,1.002825,1.0023569,1.0028563,100,2,25,3,109
"302",5,341,1.0025129,1.002825,1.0023569,1.0028563,200,2,25,3,109
"303",5,354,1.0025129,1.0029187,1.0023569,1.0029812,200,2,25,1,109
"304",5,357,1.0022632,1.0028875,1.0018886,1.0029187,25,100,40,2,109
"305",5,358,1.0022944,1.0028563,1.0022632,1.0028875,39,1,25,100,109
"306",5,360,1.0022944,1.0028563,1.0022632,1.0029187,39,1,25,1,109
"307",5,361,1.0022944,1.0029187,1.0022632,1.0029812,39,1,25,1,109
"308",5,362,1.0022944,1.0029187,1.0022632,1.0029812,39,9,25,1,109
"309",5,363,1.0022944,1.0029187,1.0022632,1.0029812,39,10,25,1,109
"310",5,364,1.0024192,1.0029187,1.0022944,1.0029812,4,10,39,1,109
"311",5,365,1.0025442,1.0029187,1.0025129,1.0029812,100,10,4,1,109
"312",5,366,1.0025442,1.0029187,1.0022944,1.0029812,200,9,39,1,109
"313",5,367,1.0025754,1.0029187,1.0025442,1.0029812,4,9,100,1,109
"314",5,368,1.0025754,1.0029187,1.0022944,1.0029812,4,10,39,1,109
"315",5,371,1.0025754,1.0028875,1.0022944,1.0029187,4,200,39,9,109
"316",5,373,1.0025754,1.0028875,1.0022944,1.0029187,4,200,39,8,109
"317",5,374,1.0025754,1.0028875,1.0022944,1.0029187,10,200,39,8,109
"318",5,375,1.0022632,1.002825,1.0018886,1.0028875,25,1,40,200,109
"319",5,376,1.0018886,1.0026065,1.0018574,1.0026377,40,1,1,15,109
"320",5,377,1.0018886,1.0024192,1.0018574,1.0026065,40,1,1,103,109
"321",5,378,1.002232,1.0024192,1.0018886,1.0026065,25,1,40,103,109
"322",5,379,1.0022632,1.0024192,1.0018886,1.0026065,25,1,40,103,109
"323",5,380,1.0018574,1.0024192,1.0017949,1.0025129,40,2,26,100,109
"324",5,381,1.0021695,1.0025129,1.0018574,1.0027627,25,100,40,39,109
"325",5,382,1.0025129,1.0028563,1.0023569,1.0029187,100,6,100,8,109
"326",5,383,1.0023569,1.0028563,1.0022632,1.0029187,100,106,2,8,109
"327",5,385,1.0023569,1.0028563,1.0022944,1.0029187,100,106,39,8,109
"328",5,386,1.0023569,1.0028563,1.0022944,1.0029187,100,103,39,8,109
"329",5,388,1.002388,1.0028563,1.0023569,1.0029187,100,3,100,8,109
"330",5,390,1.002388,1.002825,1.0023569,1.0028563,100,100,100,3,109
"331",5,392,1.0023569,1.002825,1.0022944,1.0028563,100,100,39,3,109
"332",5,394,1.0023569,1.002825,1.0022632,1.0029187,100,100,41,8,109
"333",5,395,1.0023569,1.002825,1.0022632,1.0029187,100,100,41,8,109
"334",5,397,1.0023569,1.002825,1.0022632,1.0029187,100,100,41,8,109
"335",5,398,1.0024192,1.002825,1.0023569,1.0029187,100,100,100,8,109
"336",5,401,1.002825,1.0029812,1.0026377,1.0030437,200,1,25,3,109
"337",5,402,1.002825,1.0029812,1.0026377,1.0030437,300,1,25,3,109
"338",5,403,1.002825,1.0029812,1.0026377,1.0030437,200,1,25,3,109
"339",5,407,1.0024505,1.00295,1.0022632,1.0029812,1,200,2,1,109
"340",5,408,1.0024505,1.00295,1.0022632,1.0029812,1,200,2,1,109
"341",5,409,1.0024505,1.0028875,1.0022632,1.00295,1,130,2,200,109
"342",5,410,1.0024505,1.0028563,1.0022632,1.0028875,1,16,2,1,109
"343",5,411,1.0024505,1.0028563,1.0022632,1.0028875,1,16,2,39,109
"344",5,412,1.0024505,1.0028563,1.0022632,1.0028875,1,16,40,1,109
"345",5,413,1.0024505,1.0028563,1.0022632,1.0028875,1,15,40,2,109
"346",5,414,1.0024505,1.002825,1.0022632,1.0028563,1,1,40,15,109
"347",5,415,1.0024505,1.0027939,1.0022632,1.0028563,1,1,40,15,109
"348",5,419,1.0024817,1.0029812,1.0024505,1.0030437,200,1,1,6,109
"349",5,421,1.0026065,1.0029812,1.0024817,1.0030437,100,1,200,6,109
"350",5,423,1.0026065,1.0029812,1.0024817,1.003106,100,3,200,1,109
"351",5,424,1.0026065,1.0029812,1.0024817,1.003106,100,3,200,1,109
"352",5,425,1.0026065,1.0029812,1.0024817,1.003106,100,1,200,1,109
"353",5,426,1.0029187,1.003106,1.002825,1.0031372,1,1,25,3,109
"354",5,427,1.0029187,1.003106,1.0028563,1.0031372,1,1,25,3,109
"355",5,429,1.0028563,1.003106,1.0024817,1.0031372,25,1,200,3,109
"356",5,430,1.0028563,1.0032622,1.0024817,1.0033245,25,1,200,3,109
"357",5,431,1.0028875,1.0032622,1.0028563,1.0033245,100,1,25,3,109
"358",5,432,1.0030437,1.0032622,1.0028875,1.0033245,8,1,100,3,109
"359",5,433,1.0029187,1.0032622,1.0028875,1.0033245,25,1,100,3,109
"360",5,435,1.0028875,1.0032622,1.0025754,1.0033245,100,1,25,103,109
"361",5,436,1.0028875,1.0032309,1.0025754,1.0032622,100,1,25,1,109
"362",5,437,1.0028875,1.0032309,1.0025754,1.0032622,47,1,25,1,109
"363",5,438,1.0028875,1.0031997,1.0028563,1.0032309,47,3,25,1,109
"364",5,439,1.0028875,1.0031997,1.0028563,1.0032309,47,3,25,1,109
"365",5,440,1.0028875,1.0031997,1.0025754,1.0032309,72,3,25,1,109
"366",5,441,1.0028875,1.0031685,1.0025754,1.0032309,47,4,25,1,109
"367",5,442,1.0025754,1.0031372,1.0024817,1.0031685,25,50,100,4,109
"368",5,443,1.0025754,1.0030124,1.0024817,1.0031372,25,3,100,50,109
"369",5,444,1.0024817,1.0029812,1.0024192,1.003106,100,3,100,25,109
"370",5,445,1.0024192,1.0027627,1.0022632,1.002825,100,25,2,38,109
"371",5,446,1.0021384,1.0027002,1.0021071,1.002825,26,3,1,38,109
"372",5,447,1.0021695,1.002669,1.0021384,1.0027627,25,3,1,25,109
"373",5,448,1.0021384,1.0026377,1.0021071,1.0027627,1,19,1,25,109
"374",5,452,1.0021384,1.0026377,1.0021071,1.002825,1,19,1,38,109
"375",5,453,1.0021384,1.0026377,1.0021071,1.002669,1,19,1,1,109
"376",5,454,1.0021384,1.0026065,1.0021071,1.0026377,1,204,1,15,109
"377",5,456,1.0021071,1.0024817,1.0020134,1.0026065,1,4,1,200,109
"378",5,457,1.0017325,1.0022944,1.0016389,1.0024192,1,126,1,38,109
"379",5,458,1.0017325,1.0022632,1.0016389,1.0022944,1,4,1,26,109
"380",5,459,1.0017325,1.0022632,1.0016389,1.0022944,1,5,1,26,109
"381",5,460,1.0017325,1.0022007,1.0016389,1.0022632,1,5,1,1,109
"382",5,461,1.0017949,1.0022007,1.0017325,1.0022632,25,5,1,1,109
"383",5,462,1.0017325,1.0022007,1.0016389,1.0022632,1,105,1,1,109
"384",5,463,1.0017325,1.0022007,1.0016389,1.0022632,1,305,1,1,109
"385",5,464,1.0017325,1.0021695,1.0016389,1.0022007,1,105,1,200,109
"386",5,465,1.0017325,1.0020447,1.0016389,1.0021695,1,25,1,104,109
"387",5,466,1.0017325,1.0020447,1.0016389,1.0020759,1,25,1,1,109
"388",5,467,1.0017325,1.0020447,1.0016389,1.0021695,1,26,1,100,109
"389",5,468,1.0017325,1.0020447,1.0016389,1.0022007,1,126,1,200,109
"390",5,469,1.0017325,1.0020447,1.0016389,1.0022632,1,326,1,1,109
"391",5,470,1.0017325,1.0020447,1.0016389,1.0022632,1,426,1,1,109
"392",5,471,1.0016389,1.0018574,1.0015764,1.0020134,1,100,1,25,109
"393",5,472,1.0016389,1.0017637,1.0015764,1.0017949,1,1,1,1,109
"394",5,473,1.0016389,1.0020447,1.0015764,1.0022632,1,200,1,1,109
"395",5,475,1.0018574,1.0024505,1.0016389,1.0025442,25,1,1,32,109
"396",5,476,1.0018886,1.0025442,1.0018574,1.0026065,41,32,25,1,109
"397",5,477,1.002232,1.002669,1.0018886,1.0027314,25,225,41,7,109
"398",5,478,1.002232,1.002669,1.0018886,1.0027314,25,225,41,7,109
"399",5,479,1.002232,1.002669,1.0018886,1.0027314,125,100,41,7,109
"400",5,480,1.002232,1.002669,1.001951,1.0027314,225,100,100,7,109
"401",5,481,1.002232,1.002669,1.001951,1.0027314,125,100,100,7,109
"402",5,484,1.0024817,1.0028875,1.0023569,1.0029187,25,1,41,1,109
"403",5,485,1.0025129,1.0029187,1.0024817,1.0030437,2,3,25,3,109
"404",5,486,1.0027627,1.0030748,1.0025129,1.0031372,25,1,2,1,109
"405",5,487,1.0029812,1.0032622,1.002825,1.0033245,100,1,41,101,109
"406",5,488,1.0029812,1.0033245,1.002825,1.003387,200,101,41,2,109
"407",5,489,1.0029812,1.0033245,1.0027627,1.003387,200,101,66,2,109
"408",5,490,1.0029812,1.0033245,1.0028875,1.003387,201,101,25,2,109
"409",5,495,1.0023569,1.003106,1.002232,1.0031372,41,101,25,264,109
"410",5,496,1.002232,1.0028875,1.0021695,1.003106,25,77,1,1,109
"411",5,497,1.002232,1.0028563,1.0021695,1.003106,25,177,1,1,109
"412",5,498,1.0027002,1.0033245,1.0025754,1.003387,277,101,25,2,109
"413",5,499,1.0027002,1.0031997,1.0025754,1.0033245,100,5,25,101,109
"414",5,500,1.0027002,1.0031997,1.0025754,1.0033245,100,5,25,101,109
"415",5,501,1.0027002,1.0031997,1.0025754,1.0033245,100,5,25,101,109
"416",5,502,1.0027002,1.0031997,1.0025754,1.0033245,100,5,25,101,109
"417",5,504,1.0027002,1.0031997,1.0025754,1.0033245,200,5,25,101,109
"418",5,505,1.0027002,1.0031997,1.0025754,1.0033245,100,5,25,101,109
"419",5,506,1.0027002,1.0031997,1.0025754,1.0033245,100,5,25,101,109
"420",5,507,1.0027002,1.0033245,1.0025754,1.003387,100,101,69,2,109
"421",5,508,1.0027002,1.0033245,1.0025754,1.003387,100,126,25,2,109
"422",5,510,1.0027002,1.0032933,1.0025442,1.0033245,100,90,25,167,109
"423",5,511,1.0027002,1.0032933,1.0025442,1.0033245,100,90,25,167,109
"424",5,512,1.0027002,1.0032933,1.0025442,1.0033245,100,90,25,126,109
"425",5,513,1.0027002,1.0032622,1.0023569,1.0032933,100,187,41,9,109
"426",5,514,1.0027002,1.0032622,1.0023569,1.0032933,100,187,41,10,109
"427",5,516,1.0027002,1.0032309,1.0025442,1.0032622,100,177,25,10,109
"428",5,517,1.0027002,1.0031997,1.0023569,1.0032309,100,5,41,177,109
"429",5,518,1.0027002,1.0031372,1.0023569,1.0032309,100,35,41,100,109
"430",5,520,1.0027002,1.0030124,1.0023569,1.0030437,90,25,41,100,109
"431",5,521,1.0027002,1.0030124,1.0023569,1.0030437,90,30,41,100,109
"432",5,522,1.0025442,1.0030124,1.0023569,1.0030437,25,5,41,100,109
"433",5,523,1.0024817,1.0030124,1.0023569,1.0030437,40,100,41,25,109
"434",5,524,1.002232,1.0029187,1.0021695,1.0030124,25,41,1,100,109
"435",5,525,1.0021695,1.0027627,1.0021384,1.002825,1,25,1,5,109
"436",5,526,1.0021071,1.0024192,1.0020759,1.0024817,1,25,100,1,109
"437",5,527,1.0021071,1.0024817,1.0020759,1.0026377,1,1,100,100,109
"438",5,528,1.0021071,1.0026377,1.0020759,1.0027627,1,100,100,30,109
"439",5,529,1.0023257,1.0027314,1.0021071,1.00295,25,25,1,42,109
"440",5,530,1.0021071,1.0027002,1.0020759,1.0027314,1,25,100,100,109
"441",5,531,1.0025442,1.0027314,1.0023257,1.00295,100,100,25,2,109
"442",5,532,1.0021071,1.0026377,1.0020759,1.0027314,1,78,100,125,109
"443",5,534,1.0021071,1.0026377,1.0020759,1.0027314,1,78,100,100,109
"444",5,535,1.0021071,1.0026377,1.0020759,1.0027314,1,78,100,125,109
"445",5,539,1.0021071,1.002669,1.0020759,1.0027314,1,1,100,100,109
"446",5,540,1.0021071,1.0026377,1.0020759,1.002669,1,1,100,25,109
"447",5,544,1.0021384,1.0026377,1.0021071,1.002669,2,7,1,25,109
"448",5,549,1.0018574,1.0021695,1.0017637,1.0022944,1,100,1,25,109
"449",5,550,1.0018574,1.0021384,1.0017637,1.0021695,1,1,1,100,109
"450",5,551,1.0017637,1.0021071,1.0017012,1.0021384,1,1,1,4,109
"451",5,552,1.0017012,1.0019197,1.0016701,1.0021071,1,1,1,4,109
"452",5,553,1.0017012,1.0019197,1.0016701,1.0021071,1,30,1,40,109
"453",5,554,1.0016389,1.0018886,1.0015764,1.0019197,1,27,1,5,109
"454",5,555,1.0016389,1.0021695,1.0015764,1.0022944,1,100,26,25,109
"455",5,556,1.0016389,1.0021695,1.0015764,1.0022007,1,100,1,40,109
"456",5,557,1.0016701,1.0021695,1.0016389,1.0022007,7,100,1,40,109
"457",5,558,1.0016701,1.0021695,1.0016389,1.0022007,107,100,1,40,109
"458",5,560,1.0016701,1.0021071,1.0016389,1.0021695,107,4,1,100,109
"459",5,561,1.0016701,1.0021071,1.0016389,1.0021695,107,5,1,100,109
"460",5,562,1.0016701,1.0021071,1.0016389,1.0022007,107,5,1,40,109
"461",5,563,1.0016701,1.0020759,1.0016389,1.0021071,107,4,1,1,109
"462",5,564,1.0016701,1.0020759,1.0016389,1.0022944,107,4,1,26,109
"463",5,565,1.0016701,1.0020759,1.0016389,1.0022944,100,4,1,26,109
"464",5,566,1.0016701,1.0019822,1.0016389,1.0020447,100,25,1,100,109
"465",5,567,1.0017012,1.001951,1.0016389,1.0020447,100,4,1,100,109
"466",5,568,1.0016389,1.0021384,1.0015764,1.0022007,1,1,1,140,109
"467",5,569,1.0016389,1.0021384,1.0015764,1.0022007,1,1,26,140,109
"468",5,570,1.0016389,1.0021384,1.0015764,1.0022007,1,1,26,100,109
"469",5,571,1.0016389,1.0021071,1.0015764,1.0021384,1,4,26,41,109
"470",5,572,1.0016389,1.0020759,1.0015764,1.0021384,26,4,1,41,109
"471",5,573,1.0016389,1.0020759,1.0016077,1.0021384,1,4,25,41,109
"472",5,574,1.0016389,1.0020759,1.0015764,1.0021384,1,11,1,41,109
"473",5,575,1.0016389,1.0020447,1.0015764,1.0020759,1,4,1,7,109
"474",5,576,1.0016389,1.0020447,1.0015764,1.0020759,1,4,1,7,109
"475",5,577,1.0016389,1.0018574,1.0015764,1.0020759,1,4,1,47,109
"476",5,578,1.0016389,1.0018574,1.0015764,1.0020759,26,4,1,7,109
"477",5,579,1.0016389,1.0020447,1.0015764,1.0020759,1,4,1,7,109
"478",5,580,1.0014516,1.0020447,1.0014204,1.0020759,1,4,1,7,109
"479",5,581,1.0014516,1.0018262,1.0014204,1.0020759,1,4,1,7,109
"480",5,583,1.0014516,1.0018574,1.0014204,1.0020759,1,4,1,7,109
"481",5,584,1.0014516,1.0018574,1.0014204,1.0020447,1,4,1,143,109
"482",5,585,1.0014516,1.0018574,1.0014204,1.0020447,1,4,1,143,109
"483",5,586,1.0016701,1.0019822,1.0016389,1.0020447,25,4,21,143,109
"484",5,587,1.0016389,1.0020447,1.001514,1.0022007,25,152,40,40,109
"485",5,588,1.0014516,1.0018574,1.0014204,1.0020447,1,4,1,152,109
"486",5,589,1.0014516,1.0018574,1.0014204,1.0020447,1,13,1,152,109
"487",5,590,1.0014516,1.0018574,1.0014204,1.0020447,1,13,1,152,109
"488",5,591,1.0014516,1.0018574,1.0014204,1.0020447,1,9,1,152,109
"489",5,593,1.0014827,1.0020134,1.0014516,1.0020447,63,1,1,152,109
"490",5,594,1.0014827,1.0020134,1.0014516,1.0020447,78,1,1,152,109
"491",5,595,1.0015452,1.0020134,1.0014827,1.0020447,100,1,78,152,109
"492",5,597,1.0015452,1.0020134,1.001514,1.0020447,100,1,25,152,109
"493",5,599,1.0015452,1.0020447,1.001514,1.0025442,100,152,25,45,109
"494",11,0,1.0005007,1.000801,1.0004673,1.0009345,25,300,1,44,109
"495",11,4,1.0004673,1.000801,1.0003672,1.0008343,1,300,25,25,109
"496",11,7,1.0005007,1.000801,1.0004673,1.0009345,25,300,1,44,109
"497",11,8,1.0005007,1.0008343,1.0004673,1.0010012,25,50,1,43,109
"498",11,9,1.0005007,1.0008343,1.0003672,1.0010012,26,50,25,43,109
"499",11,10,1.0005007,1.0010346,1.0004673,1.0012015,26,150,43,42,109
"500",11,11,1.000801,1.0014018,1.000534,1.001602,25,269,200,25,109
"501",11,12,1.000801,1.0014018,1.0005007,1.001602,25,350,25,25,109
"502",11,13,1.0010012,1.0014018,1.000801,1.001602,100,350,25,25,109
"503",11,14,1.0010012,1.0014018,1.000801,1.001602,100,350,25,125,109
"504",11,15,1.0010346,1.0014018,1.0010012,1.001602,25,143,100,125,109
"505",11,16,1.0010012,1.0014018,1.000801,1.001602,125,143,25,125,109
"506",11,17,1.0010012,1.001602,1.000801,1.001769,225,125,25,144,109
"507",11,19,1.0010012,1.0013684,1.000801,1.0014018,200,125,25,43,109
"508",11,21,1.0010012,1.0014018,1.000801,1.001602,200,125,25,125,109
"509",11,22,1.0010012,1.0014018,1.000801,1.001602,200,125,25,125,109
"510",11,23,1.0010012,1.0013684,1.000801,1.0014018,325,200,25,25,109
"511",11,24,1.0010012,1.0013684,1.000801,1.0014018,200,200,25,25,109
"512",11,25,1.0010346,1.0013684,1.0010012,1.0014018,100,300,125,25,109
"513",11,26,1.0010346,1.0013684,1.0010012,1.0014018,140,300,100,68,109
"514",11,27,1.0010346,1.0012683,1.0010012,1.0014018,140,150,100,43,109
"515",11,28,1.0010346,1.0012683,1.0010012,1.001602,140,150,100,125,109
"516",11,29,1.0010346,1.0012683,1.0010012,1.001602,100,150,100,125,109
"517",11,30,1.0010346,1.0012683,1.0010012,1.001602,140,50,100,125,109
"518",11,31,1.0010346,1.0012683,1.0010012,1.0014685,100,50,100,25,109
"519",11,32,1.0010346,1.0012683,1.0010012,1.001602,100,50,100,125,109
"520",11,34,1.0011681,1.001602,1.0010346,1.0016354,65,100,100,25,109
"521",11,35,1.0011681,1.001602,1.0010346,1.0016688,65,100,100,25,109
"522",11,36,1.0012015,1.001602,1.0011681,1.0016688,41,100,125,25,109
"523",11,37,1.0012015,1.001602,1.0011681,1.0016354,51,108,100,25,109
"524",11,38,1.0012015,1.001602,1.0011681,1.0016688,90,100,100,25,109
"525",11,39,1.0012015,1.0015353,1.0011681,1.0015687,50,25,100,200,109
"526",11,40,1.0012015,1.0015353,1.0011681,1.0015687,50,82,100,100,109
"527",11,41,1.0012015,1.0015353,1.0011681,1.0015687,50,49,100,100,109
"528",11,42,1.0011681,1.0015353,1.0011348,1.0015687,150,57,25,100,109
"529",11,43,1.0010346,1.001335,1.0010012,1.0015019,40,8,100,49,109
"530",11,44,1.0010346,1.001335,1.0010012,1.0015019,100,12,100,49,109
"531",11,45,1.0010346,1.001335,1.0010012,1.0014018,140,4,100,149,109
"532",11,46,1.0010346,1.0014018,1.0010012,1.0015687,140,149,100,100,109
"533",11,47,1.0010346,1.0014018,1.0010012,1.0015353,140,149,100,25,109
"534",11,48,1.0010346,1.0014018,1.0010012,1.0015353,100,250,100,25,109
"535",11,49,1.0010346,1.0014018,1.0010012,1.0015353,100,150,100,25,109
"536",11,50,1.0010346,1.0014018,1.0010012,1.0015353,100,158,100,25,109
"537",11,52,1.001068,1.0014018,1.0010346,1.0015353,65,150,102,25,109
"538",11,53,1.0010346,1.0014018,1.0009345,1.0015353,102,150,25,25,109
"539",11,54,1.001068,1.0014018,1.0010346,1.0015353,25,150,102,25,109
"540",11,55,1.0010346,1.0014018,1.0009345,1.0015353,102,175,25,25,109
"541",11,56,1.0010346,1.0013684,1.0009345,1.0014018,142,49,25,25,109
"542",11,57,1.001068,1.0013684,1.0010346,1.0015353,100,54,2,25,109
"543",11,58,1.001068,1.0013684,1.0010346,1.0014018,2,54,100,25,109
"544",11,59,1.0010346,1.0013684,1.0009345,1.0014018,142,54,25,25,109
"545",11,60,1.0010346,1.0013684,1.0009345,1.0015353,142,54,25,25,109
"546",11,61,1.001068,1.0013684,1.0010346,1.0015353,25,62,302,25,109
"547",11,62,1.0011681,1.001335,1.0010346,1.0013684,200,149,2,4,109
"548",11,63,1.0010346,1.001335,1.000801,1.0013684,137,149,25,25,109
"549",11,64,1.0010346,1.001335,1.000801,1.0013684,137,149,25,25,109
"550",11,65,1.0010346,1.001335,1.000801,1.0013684,137,249,25,25,109
"551",11,66,1.0010346,1.001335,1.0009345,1.0013684,137,357,25,25,109
"552",11,67,1.0010346,1.001335,1.0009345,1.0013684,137,349,25,25,109
"553",11,68,1.0010346,1.001335,1.0009345,1.0014018,137,249,25,41,109
"554",11,69,1.0010346,1.0013016,1.0009345,1.001335,137,8,25,249,109
"555",11,70,1.0010346,1.0013016,1.0009345,1.001335,137,8,25,249,109
"556",11,71,1.0010346,1.0013016,1.0009345,1.001335,137,249,25,100,109
"557",11,74,1.0010346,1.0013016,1.0009345,1.001335,137,350,25,100,109
"558",11,76,1.0010346,1.0013016,1.0009345,1.001335,137,349,25,100,109
"559",11,84,1.0010346,1.0013016,1.000801,1.001335,137,349,66,100,109
"560",11,85,1.0010346,1.0013016,1.0009345,1.001335,137,349,25,100,109
"561",11,86,1.0010346,1.0013016,1.000801,1.001335,137,349,25,100,109
"562",11,87,1.0011014,1.0013016,1.0010346,1.001335,37,149,100,100,109
"563",11,89,1.0011348,1.0013016,1.0011014,1.001335,37,150,100,100,109
"564",11,90,1.0011014,1.0013016,1.0010346,1.001335,100,258,137,100,109
"565",11,91,1.0011014,1.0013016,1.001068,1.001335,137,250,25,100,109
"566",11,92,1.0011681,1.0015687,1.0011014,1.001602,99,25,100,100,109
"567",11,93,1.0011348,1.0015687,1.0011014,1.001602,199,25,100,100,109
"568",11,94,1.0011348,1.0015353,1.0011014,1.0015687,199,200,100,25,109
"569",11,95,1.0011348,1.0015687,1.001068,1.001602,299,25,25,100,109
"570",11,96,1.0011348,1.001602,1.001068,1.0017022,299,100,25,25,109
"571",11,100,1.0011348,1.0015353,1.001068,1.001602,299,3,25,100,109
"572",11,110,1.0013016,1.0015353,1.0012349,1.001602,99,3,25,100,109
"573",11,111,1.0013016,1.0015353,1.0012349,1.001602,199,3,25,100,109
"574",11,112,1.001335,1.0015353,1.0013016,1.001602,199,3,100,100,109
"575",11,114,1.001335,1.0015353,1.0012349,1.001602,200,103,25,100,109
"576",11,117,1.001335,1.0015353,1.0012349,1.001602,100,103,25,100,109
"577",11,119,1.001335,1.001602,1.0012349,1.001769,299,100,25,44,109
"578",11,127,1.0015353,1.0020025,1.0015019,1.0021694,224,125,200,43,109
"579",11,128,1.0015353,1.0020025,1.0014018,1.0021694,299,125,25,43,109
"580",11,129,1.0015353,1.0020025,1.0014018,1.0021694,324,125,25,43,109
"581",11,130,1.0015353,1.0020025,1.0014018,1.0021694,299,125,25,43,109
"582",11,131,1.0015353,1.0020025,1.0014018,1.0021694,299,25,25,43,109
"583",11,132,1.0015353,1.0020025,1.0014018,1.0021694,299,25,25,43,109
"584",11,135,1.0015353,1.0020025,1.0014018,1.0021694,299,25,25,43,109
"585",11,136,1.0015353,1.0020025,1.0014018,1.0021694,299,25,25,43,109
"586",11,137,1.0015353,1.0020025,1.0014018,1.0021694,299,125,25,43,109
"587",11,138,1.0015353,1.0018023,1.0014018,1.0020025,299,40,25,125,109
"588",11,140,1.0015353,1.0018023,1.0014018,1.0018357,299,40,25,25,109
"589",11,141,1.0012349,1.0015687,1.001068,1.0017356,25,90,25,25,109
"590",11,142,1.0013016,1.0014685,1.001068,1.0016354,100,7,25,100,109
"591",11,144,1.0013016,1.0014685,1.001068,1.0015687,100,7,25,100,109
"592",11,145,1.001068,1.0014018,1.0008677,1.0015353,25,7,41,25,109
"593",11,146,1.001068,1.0014018,1.0008677,1.0015019,25,7,41,200,109
"594",11,147,1.001068,1.0014018,1.000801,1.0015019,25,107,25,100,109
"595",11,148,1.001068,1.0014018,1.000801,1.0015019,25,107,65,100,109
"596",11,149,1.001068,1.0014018,1.000801,1.0015019,25,107,65,100,109
"597",11,150,1.000801,1.0014018,1.0006008,1.0015019,25,107,100,100,109
"598",11,152,1.000801,1.0014018,1.0006008,1.0015019,65,107,100,100,109
"599",11,153,1.001068,1.0014018,1.0010012,1.0015019,100,107,25,100,109
"600",11,154,1.000801,1.0012349,1.0006008,1.0012683,25,7,100,282,109
"601",11,155,1.0009011,1.0012349,1.000801,1.0012683,100,189,25,200,109
"602",11,156,1.0007342,1.0010346,1.0006008,1.0011681,25,7,100,25,109
"603",11,157,1.0007342,1.0010346,1.0006008,1.0011681,25,7,100,25,109
"604",11,158,1.0007342,1.0010346,1.0006008,1.0012349,25,7,100,100,109
"605",11,159,1.0007342,1.0012349,1.0006008,1.0012683,25,100,100,200,109
"606",11,160,1.0008677,1.0011681,1.0008343,1.0012349,25,3,1,100,109
"607",11,161,1.0008343,1.0011681,1.0007342,1.0012349,1,3,25,100,109
"608",11,162,1.0008343,1.0011681,1.0007342,1.0012349,1,3,25,100,109
"609",11,164,1.0008343,1.0011681,1.0007342,1.0012349,1,3,25,100,109
"610",11,165,1.0008677,1.0011681,1.0008343,1.0012349,25,3,1,100,109
"611",11,166,1.0007008,1.0011681,1.0006008,1.0012349,25,28,100,100,109
"612",11,167,1.0008343,1.0011681,1.0007008,1.0012349,1,28,25,100,109
"613",11,168,1.0008343,1.0011681,1.0007008,1.0012349,1,28,25,100,109
"614",11,170,1.0008343,1.0011681,1.0007008,1.0012349,1,3,25,100,109
"615",11,171,1.0008343,1.0011681,1.0007008,1.0012349,1,3,25,100,109
"616",11,172,1.0008343,1.0011681,1.0007008,1.0012349,1,28,25,100,109
"617",11,173,1.0008343,1.0011681,1.0007008,1.0012349,1,3,25,100,109
"618",11,174,1.0010346,1.0015687,1.0008677,1.0017356,25,25,25,25,109
"619",11,175,1.0008677,1.0014018,1.000801,1.0014352,25,25,43,199,109
"620",11,176,1.0008677,1.0014352,1.0008343,1.0015687,125,143,1,25,109
"621",11,177,1.0009011,1.0014352,1.0008677,1.0015687,1,143,125,25,109
"622",11,178,1.0009011,1.0014352,1.0008677,1.0015687,101,143,25,25,109
"623",11,179,1.0009345,1.0014018,1.0009011,1.0014352,1,25,100,143,109
"624",11,180,1.0009345,1.0014018,1.0008677,1.0014352,101,25,25,143,109
"625",11,184,1.0010346,1.0014352,1.0009345,1.0015687,25,43,100,25,109
"626",11,185,1.0010346,1.0017022,1.0009345,1.0017356,25,25,100,299,109
"627",11,186,1.0010346,1.0017022,1.0008677,1.0017356,125,25,25,217,109
"628",11,187,1.0011681,1.0017022,1.001068,1.0017356,25,25,1,217,109
"629",11,188,1.0011681,1.0017022,1.0010346,1.0017356,125,25,25,217,109
"630",11,190,1.0013016,1.0018023,1.0011681,1.0018691,25,64,125,100,109
"631",11,191,1.0013684,1.0018023,1.0011681,1.0020025,1,85,125,25,109
"632",11,192,1.0013684,1.0018023,1.0011681,1.0020025,101,85,25,25,109
"633",11,193,1.0013684,1.0018023,1.0013016,1.0020025,101,85,25,25,109
"634",11,194,1.0013684,1.0016688,1.0013016,1.0018023,101,25,25,85,109
"635",11,195,1.0013684,1.0018023,1.0013016,1.0020025,101,42,25,25,109
"636",11,196,1.0013684,1.0016354,1.0010346,1.0018023,101,25,25,185,109
"637",11,197,1.0013684,1.0018023,1.0012015,1.0020025,101,185,25,25,109
"638",11,198,1.0013684,1.0015687,1.0012015,1.0016354,101,100,25,25,109
"639",11,199,1.0013684,1.0015687,1.0012015,1.0018023,101,100,68,185,109
"640",11,201,1.0008677,1.0014685,1.000801,1.0015687,25,25,43,3,109
"641",11,203,1.0008677,1.0014018,1.000801,1.0014685,25,100,43,25,109
"642",11,206,1.0008677,1.0014018,1.000801,1.0015687,25,103,43,3,109
"643",11,207,1.0008677,1.0014018,1.000801,1.0014685,25,103,43,25,109
"644",11,209,1.0008677,1.0014018,1.000801,1.0015687,25,100,43,3,109
"645",11,211,1.0008677,1.0014018,1.000801,1.0016354,25,100,43,70,109
"646",11,212,1.0008677,1.0014018,1.000801,1.0016354,25,100,43,45,109
"647",11,213,1.0011681,1.0014018,1.0008677,1.0015687,25,100,25,25,109
"648",11,214,1.0011681,1.0015353,1.0008677,1.001602,25,196,25,25,109
"649",11,216,1.0012683,1.0015353,1.0011681,1.0018023,9,196,25,168,109
"650",11,217,1.0011681,1.001769,1.0008677,1.0018023,25,307,25,43,109
"651",11,218,1.0011681,1.001769,1.0008677,1.0018023,25,207,25,43,109
"652",11,220,1.0011681,1.001769,1.0008677,1.0018023,26,249,25,43,109
"653",11,222,1.0011681,1.001769,1.0008677,1.0018023,126,167,25,43,109
"654",11,223,1.0011681,1.001769,1.0008677,1.0018023,126,142,25,43,109
"655",11,224,1.0011681,1.001769,1.0008677,1.0018023,126,167,25,43,109
"656",11,227,1.0011681,1.001769,1.0008677,1.0018023,126,142,25,43,109
"657",11,230,1.0011681,1.001769,1.0008677,1.0018023,326,42,25,43,109
"658",11,231,1.0011681,1.001769,1.0008677,1.0018023,326,42,25,43,109
"659",11,234,1.0011681,1.001769,1.0008677,1.0018023,326,17,25,43,109
"660",11,236,1.0011681,1.001769,1.0008677,1.0018023,326,42,25,43,109
"661",11,238,1.0011681,1.001769,1.0008677,1.0018023,327,42,25,43,109
"662",11,240,1.0011681,1.001769,1.0008677,1.0018023,327,17,25,43,109
"663",11,241,1.0011681,1.001769,1.0008677,1.0018023,327,42,25,43,109
"664",11,245,1.0011681,1.001769,1.0008677,1.0018023,327,42,25,43,109
"665",11,246,1.0011681,1.001769,1.0008677,1.0018023,327,42,25,43,109
"666",11,248,1.0014685,1.001769,1.0012015,1.0018023,1,25,286,43,109
"667",11,249,1.0013016,1.001769,1.0012349,1.0018023,1,25,100,43,109
"668",11,250,1.0013016,1.0016688,1.0012015,1.001769,201,100,86,25,109
"669",11,253,1.0013016,1.0016688,1.0011348,1.001769,387,100,25,25,109
"670",11,255,1.0013016,1.0016688,1.0009679,1.001769,387,100,100,25,109
"671",11,256,1.0013016,1.0016688,1.0011014,1.001769,387,100,25,25,109
"672",11,257,1.0013016,1.0016688,1.0009679,1.001769,387,100,100,25,109
"673",11,264,1.0013016,1.0016688,1.0009679,1.001769,287,100,100,25,109
"674",11,271,1.0013016,1.0016688,1.0011014,1.001769,287,100,25,25,109
"675",11,272,1.0013016,1.0016688,1.0009679,1.001769,287,100,100,25,109
"676",11,275,1.0013016,1.0016688,1.0009679,1.001769,287,100,100,25,109
"677",11,276,1.0013016,1.0016688,1.0009679,1.001769,287,100,100,25,109
"678",11,278,1.0013016,1.0016688,1.0009679,1.001769,287,100,100,25,109
"679",11,279,1.0013016,1.0016688,1.0011014,1.001769,287,100,25,25,109
"680",11,280,1.0013016,1.0016688,1.0009679,1.001769,287,142,100,25,109
"681",11,281,1.0013016,1.0016688,1.0011014,1.001769,287,142,25,25,109
"682",11,282,1.0014685,1.0016688,1.0013016,1.001769,1,142,286,25,109
"683",11,283,1.0013016,1.0015019,1.0009679,1.0016354,286,25,100,100,109
"684",11,284,1.0013016,1.0015353,1.0011014,1.0015687,200,25,25,100,109
"685",11,285,1.0013016,1.0014685,1.0011014,1.0015019,200,3,25,100,109
"686",11,287,1.0013016,1.0014685,1.0011014,1.0015019,200,3,25,100,109
"687",11,288,1.0013016,1.0014685,1.0011014,1.0015019,200,3,25,100,109
"688",11,290,1.0013016,1.0014685,1.0011014,1.0015019,200,3,25,100,109
"689",11,291,1.0013016,1.0014685,1.0011014,1.0015019,200,3,25,100,109
"690",11,292,1.0013016,1.0015019,1.0011014,1.0015353,200,100,25,25,109
"691",11,293,1.0013016,1.0014352,1.0011014,1.0015353,200,100,25,25,109
"692",11,296,1.0013016,1.0014352,1.0008677,1.0015353,200,100,25,25,109
"693",11,297,1.0008677,1.0013684,1.000801,1.0014352,25,182,41,100,109
"694",11,299,1.0011014,1.0013684,1.0008677,1.0014352,100,100,25,100,109
"695",11,300,1.0011014,1.0013684,1.0008677,1.0014352,125,100,25,100,109
"696",11,301,1.0011014,1.0013684,1.0008677,1.0014352,125,100,25,100,109
"697",11,303,1.0011348,1.0016354,1.0011014,1.0016688,100,100,125,42,109
"698",11,304,1.0013016,1.0016354,1.0011014,1.0016688,225,100,25,42,109
"699",11,310,1.001335,1.0016688,1.0013016,1.0018023,25,42,200,43,109
"700",11,311,1.001335,1.0016688,1.0013016,1.0018023,125,42,100,43,109
"701",11,312,1.001335,1.0016688,1.0011681,1.0018023,225,42,41,43,109
"702",11,317,1.001335,1.0016688,1.0011681,1.0018691,225,42,41,100,109
"703",11,318,1.0014018,1.0020025,1.0013684,1.0021694,100,25,200,45,109
"704",11,319,1.0014018,1.0020025,1.001335,1.0021694,100,25,125,45,109
"705",11,320,1.0014018,1.0020025,1.001335,1.0021694,200,25,25,45,109
"706",11,321,1.0014018,1.0020025,1.001335,1.0021694,200,25,25,45,109
"707",11,322,1.0014352,1.0020025,1.0014018,1.0021694,100,25,200,45,109
"708",11,323,1.0014685,1.0020025,1.0014352,1.0021694,100,25,100,45,109
"709",11,326,1.0014685,1.0021694,1.0014352,1.0022027,100,45,100,25,109
"710",11,327,1.0014685,1.0021694,1.0014352,1.0022027,200,45,100,25,109
"711",11,328,1.0014685,1.0021694,1.001335,1.0023029,200,43,25,101,109
"712",11,336,1.0016354,1.0021694,1.0014685,1.0022027,25,43,200,25,109
"713",11,337,1.0017022,1.0021694,1.0016354,1.0022027,100,43,25,25,109
"714",11,338,1.0017022,1.0021694,1.0016354,1.0022027,200,43,25,25,109
"715",11,340,1.0017022,1.0020692,1.0016354,1.0021694,200,3,25,43,109
"716",11,341,1.0017356,1.0021026,1.0017022,1.0021694,3,3,200,43,109
"717",11,342,1.0017356,1.0021026,1.0016354,1.0021694,303,3,25,43,109
"718",11,351,1.0019692,1.0023029,1.0019358,1.0024364,25,100,7,1,109
"719",11,352,1.0019025,1.0022695,1.0018023,1.0023696,13,41,25,25,109
"720",11,355,1.001769,1.0022027,1.0016354,1.0022695,201,25,25,41,109
"721",11,356,1.001769,1.0021026,1.0016354,1.0022027,201,100,25,25,109
"722",11,357,1.001769,1.0021026,1.001602,1.0022027,201,100,25,25,109
"723",11,359,1.0013684,1.0020025,1.0013016,1.0021026,225,43,100,200,109
"724",11,360,1.001335,1.0018357,1.0013016,1.0020025,25,25,100,25,109
"725",11,361,1.0013016,1.0018357,1.0012683,1.0020025,100,25,25,25,109
"726",11,362,1.0013016,1.0018023,1.0012683,1.0018357,100,100,25,25,109
"727",11,363,1.0013016,1.0018023,1.0012683,1.0018357,100,100,25,65,109
"728",11,364,1.0013016,1.0018023,1.0012683,1.0018357,100,100,25,65,109
"729",11,365,1.0011014,1.0018023,1.0010346,1.0018357,25,100,101,65,109
"730",11,366,1.001068,1.0018023,1.0010346,1.0018357,125,200,101,65,109
"731",11,367,1.0011681,1.0018023,1.001068,1.0018357,40,200,100,65,109
"732",11,368,1.0011014,1.0015353,1.0010346,1.0018023,25,25,101,200,109
"733",11,369,1.0011014,1.0018023,1.0010346,1.0018357,25,100,101,65,109
"734",11,370,1.0011014,1.0016354,1.0010346,1.0018023,25,25,1,100,109
"735",11,371,1.0013016,1.0015687,1.0011014,1.0018023,25,100,25,100,109
"736",11,372,1.0011014,1.0015687,1.0010346,1.0018023,25,100,1,100,109
"737",11,373,1.0011014,1.0015687,1.0010346,1.0016354,25,100,1,25,109
"738",11,374,1.0011014,1.0015353,1.0010346,1.0016354,25,100,1,25,109
"739",11,377,1.0011014,1.0015687,1.0010346,1.0016354,25,100,1,25,109
"740",11,379,1.0011014,1.0015687,1.0010346,1.0016354,25,100,1,25,109
"741",11,380,1.0011014,1.0015687,1.0010346,1.0016354,25,100,1,25,109
"742",11,381,1.0011014,1.0015687,1.0010346,1.0018023,25,100,1,100,109
"743",11,382,1.0011014,1.0015353,1.0010346,1.001602,25,100,1,25,109
"744",11,383,1.0011348,1.0015353,1.0011014,1.001602,100,100,25,25,109
"745",11,384,1.0014685,1.0018023,1.001335,1.0020025,25,100,100,25,109
"746",11,385,1.001335,1.0018023,1.0013016,1.0018357,100,200,25,25,109
"747",11,386,1.001335,1.0018023,1.0013016,1.0018357,200,200,25,25,109
"748",11,389,1.001335,1.0018023,1.0013016,1.0019025,200,200,25,40,109
"749",11,392,1.001335,1.0018023,1.0013016,1.0020025,200,200,25,25,109
"750",11,396,1.001335,1.0018023,1.0013016,1.0019025,200,200,25,40,109
"751",11,400,1.001335,1.0018023,1.0013016,1.0022027,200,200,25,25,109
"752",11,401,1.001335,1.0018023,1.0013016,1.0022027,200,200,25,25,109
"753",11,403,1.001335,1.0018023,1.0013016,1.0018691,200,200,25,40,109
"754",11,404,1.0015353,1.0018023,1.001335,1.0018691,25,200,200,40,109
"755",11,405,1.001335,1.0018023,1.0013016,1.0018691,200,200,25,40,109
"756",11,408,1.0015353,1.0018023,1.001335,1.0019692,25,200,200,25,109
"757",11,409,1.001335,1.0018023,1.0013016,1.0019025,200,200,25,40,109
"758",11,412,1.001335,1.0018023,1.0013016,1.0019692,200,200,25,25,109
"759",11,413,1.001335,1.001769,1.0013016,1.0018023,200,3,25,200,109
"760",11,418,1.0013684,1.0018023,1.001335,1.0019692,101,200,100,25,109
"761",11,419,1.0013684,1.0018023,1.0013016,1.0019692,101,200,25,25,109
"762",11,420,1.0013684,1.001769,1.0013016,1.0018023,101,3,25,200,109
"763",11,424,1.0015687,1.001769,1.0015019,1.0018023,21,3,25,200,109
"764",11,425,1.0015687,1.001769,1.0013684,1.0018023,21,103,101,100,109
"765",11,426,1.0015687,1.001769,1.0013684,1.0018023,21,103,101,100,109
"766",11,427,1.0015687,1.001769,1.0014018,1.0018023,21,103,1,100,109
"767",11,428,1.0014685,1.001602,1.0014018,1.0018023,25,2,100,100,109
"768",11,429,1.0014685,1.0018023,1.0014018,1.0019025,25,100,100,43,109
"769",11,431,1.0014018,1.001769,1.0013016,1.0018023,100,100,25,100,109
"770",11,433,1.0014685,1.0018023,1.0014018,1.0019025,25,200,100,143,109
"771",11,434,1.0014685,1.0018023,1.0014018,1.0019025,125,200,100,143,109
"772",11,435,1.0014685,1.0018023,1.0013016,1.0019025,225,200,25,143,109
"773",11,436,1.0014685,1.0018023,1.0013016,1.0019025,225,200,25,100,109
"774",11,443,1.0014685,1.0018023,1.0013016,1.0019025,225,200,25,143,109
"775",11,444,1.0014685,1.0017356,1.0013016,1.0018023,225,11,25,200,109
"776",11,445,1.0014685,1.0017356,1.0013016,1.0018023,200,171,25,100,109
"777",11,447,1.0015019,1.0017356,1.0014685,1.0018023,25,171,200,100,109
"778",11,448,1.0015019,1.0017356,1.0014685,1.001769,125,11,100,100,109
"779",11,450,1.0015019,1.001769,1.0013016,1.0018023,225,200,25,100,109
"780",11,457,1.0015019,1.001769,1.0013016,1.0018023,225,300,25,100,109
"781",11,459,1.0015019,1.001769,1.0013016,1.0018023,200,425,25,100,109
"782",11,460,1.0010346,1.0014018,1.0009345,1.001602,1,25,25,25,109
"783",11,461,1.0008677,1.0011348,1.0008343,1.0012349,1,125,1,100,109
"784",11,462,1.0008677,1.0011348,1.0008343,1.0013016,1,100,26,25,109
"785",11,463,1.0008677,1.0011348,1.0008343,1.0013016,1,100,26,25,109
"786",11,464,1.001068,1.0014685,1.0010346,1.0015353,100,25,25,43,109
"787",11,465,1.001068,1.0014685,1.0009011,1.0015353,100,25,17,43,109
"788",11,466,1.001068,1.0014685,1.0009679,1.0015353,100,25,25,43,109
"789",11,471,1.001068,1.0013016,1.0009011,1.001335,100,25,17,100,109
"790",11,472,1.001068,1.001335,1.0009011,1.0014685,100,100,17,25,109
"791",11,473,1.001068,1.001335,1.0010012,1.0014685,100,100,25,25,109
"792",11,474,1.001068,1.001335,1.0009011,1.0014685,100,100,17,25,109
"793",11,477,1.001068,1.001335,1.0010012,1.0014685,100,100,25,25,109
"794",11,478,1.001068,1.001335,1.0009011,1.0014685,100,100,17,25,109
"795",11,479,1.001068,1.0013016,1.0009011,1.001335,100,25,17,100,109
"796",11,480,1.001068,1.001335,1.0009011,1.0014685,100,100,17,25,109
"797",11,482,1.001068,1.0013016,1.0009011,1.001335,100,125,17,100,109
"798",11,483,1.001068,1.0013016,1.0009011,1.001335,100,100,17,100,109
"799",11,484,1.001068,1.0013016,1.0009011,1.001335,100,100,17,100,109
"800",11,485,1.0008677,1.0011681,1.0008343,1.0012015,1,25,101,200,109
"801",11,486,1.0008677,1.0013016,1.0008343,1.001335,101,225,1,100,109
"802",11,488,1.0008677,1.0012349,1.0008343,1.0013016,101,45,1,225,109
"803",11,491,1.0009345,1.0013016,1.0008677,1.001335,42,125,101,100,109
"804",11,492,1.0009345,1.0013016,1.0008677,1.001335,42,100,101,100,109
"805",11,493,1.0009345,1.0013016,1.0008677,1.001335,17,125,101,100,109
"806",11,496,1.0009345,1.0013016,1.0008677,1.001335,42,100,101,100,109
"807",11,498,1.0009345,1.0013016,1.0008677,1.001335,17,125,101,100,109
"808",11,499,1.0009345,1.0013016,1.0008677,1.001335,17,125,101,100,109
"809",11,500,1.0009345,1.001335,1.0008677,1.0014685,42,100,101,25,109
"810",11,501,1.0008677,1.0012349,1.0008343,1.0013016,101,100,1,25,109
"811",11,503,1.0008677,1.0011348,1.0008343,1.0012349,3,25,1,100,109
"812",11,504,1.000801,1.0011014,1.0007676,1.0011348,1,200,1,25,109
"813",11,506,1.000801,1.0011014,1.0007676,1.0011348,1,100,1,25,109
"814",11,510,1.000801,1.0011014,1.0007676,1.0013016,1,100,1,25,109
"815",11,511,1.0009679,1.001335,1.0008677,1.0014018,25,100,117,25,109
"816",11,513,1.0009679,1.001335,1.0008677,1.0014018,225,100,17,25,109
"817",11,514,1.0009679,1.001335,1.0008677,1.0014018,225,100,17,25,109
"818",11,518,1.0009679,1.001335,1.0008677,1.0014685,225,100,17,100,109
"819",11,519,1.0009679,1.001335,1.000801,1.0014018,225,100,101,25,109
"820",11,520,1.0009679,1.0011348,1.000801,1.001335,225,3,101,110,109
"821",11,521,1.0009679,1.001335,1.000801,1.0014685,225,100,101,100,109
"822",11,522,1.0010012,1.001335,1.0009679,1.0014685,101,100,225,100,109
"823",11,523,1.0010012,1.001335,1.0009679,1.0014685,201,100,125,100,109
"824",11,524,1.0010346,1.001335,1.0010012,1.0015353,200,100,401,43,109
"825",11,525,1.0012349,1.001769,1.0012015,1.0018691,200,25,225,100,109
"826",11,526,1.0012349,1.0015353,1.0012015,1.001769,300,42,25,25,109
"827",11,527,1.0012349,1.001769,1.0012015,1.0018691,300,25,25,100,109
"828",11,528,1.0012349,1.001602,1.0012015,1.001769,300,17,25,25,109
"829",11,530,1.0009011,1.0014352,1.000801,1.0014685,25,25,43,100,109
"830",11,531,1.000801,1.001335,1.0007676,1.0014352,1,200,26,25,109
"831",11,532,1.000801,1.001335,1.0007676,1.0014352,1,100,26,25,109
"832",11,535,1.0009679,1.001335,1.0009345,1.0014352,25,100,1,25,109
"833",11,536,1.0009679,1.0013684,1.000801,1.0014018,25,25,42,100,109
"834",11,537,1.0010012,1.0014018,1.0009679,1.0015019,100,125,25,168,109
"835",11,542,1.0010012,1.0014018,1.0009679,1.0015019,100,125,25,168,109
"836",11,547,1.0010012,1.0014018,1.0009679,1.0014352,100,100,25,25,109
"837",11,551,1.0010012,1.0014018,1.0009679,1.0015019,200,100,25,168,109
"838",11,552,1.0010012,1.0014018,1.0009679,1.0014685,200,100,25,25,109
"839",11,556,1.0010012,1.0014018,1.0009679,1.0014685,200,100,25,25,109
"840",11,562,1.0010012,1.0014685,1.0009679,1.0015019,200,25,25,168,109
"841",11,564,1.0010012,1.0015019,1.0009679,1.001769,200,168,25,25,109
"842",11,565,1.0010012,1.0015019,1.0009679,1.0015353,200,168,25,41,109
"843",11,567,1.0010012,1.0015019,1.0009679,1.001602,200,168,25,25,109
"844",11,568,1.0011348,1.0015019,1.0010012,1.001602,100,268,200,25,109
"845",11,569,1.0011681,1.0015019,1.0010012,1.001602,125,168,200,25,109
"846",11,570,1.0011681,1.0015019,1.0009679,1.001602,225,168,25,25,109
"847",11,571,1.0011681,1.0015019,1.0009679,1.001769,225,168,25,25,109
"848",11,572,1.0011681,1.0015019,1.0009679,1.001769,425,168,25,25,109
"849",11,573,1.0013684,1.0018691,1.0011681,1.0019025,125,200,325,68,109
"850",11,574,1.0013684,1.0018691,1.0011681,1.0019025,225,200,325,68,109
"851",11,576,1.0013684,1.0018691,1.0011681,1.0019025,525,200,25,68,109
"852",11,577,1.0013684,1.0018691,1.0011681,1.0019025,525,200,25,43,109
"853",11,580,1.0013684,1.0017356,1.0011681,1.0018691,525,3,25,241,109
"854",11,581,1.0013684,1.0017356,1.0011681,1.0018691,525,103,25,241,109
"855",11,582,1.0013684,1.0017356,1.0011681,1.0018691,525,203,25,221,109
"856",11,583,1.0013684,1.0017356,1.0011681,1.0018357,525,203,25,25,109
"857",11,584,1.0013684,1.0017356,1.0011681,1.0018357,525,203,25,25,109
"858",11,585,1.0013684,1.0017356,1.0011681,1.0018357,525,306,25,25,109
"859",11,586,1.0013684,1.0017356,1.0011681,1.0018691,525,206,25,221,109
"860",11,587,1.0013684,1.0017356,1.0011681,1.0018691,525,206,66,221,109
"861",11,590,1.0013684,1.0017356,1.0011681,1.0018691,525,206,66,121,109
"862",11,592,1.0013684,1.0017356,1.0011681,1.0018691,525,306,66,121,109
"863",11,596,1.0013684,1.0017356,1.0012683,1.0018691,425,306,25,146,109
"864",11,597,1.0014685,1.0017356,1.0013684,1.0018691,25,306,425,146,109
"865",11,599,1.0014685,1.0017356,1.0014018,1.0018691,25,306,300,146,109
"866",16,0,0.9988703,0.99920684,0.99853384,0.9993991,100,100,100,147,109
"867",16,1,0.9988703,0.99920684,0.9988223,0.9993991,100,102,47,47,109
"868",16,2,0.9988223,0.99920684,0.99853384,0.99949527,47,102,100,100,109
"869",16,3,0.99920684,0.99949527,0.9990626,0.9995914,100,102,100,2,109
"870",16,4,0.9990626,0.99949527,0.9988223,0.9995914,100,102,47,2,109
"871",16,5,0.9990626,0.99949527,0.9988223,0.9995914,100,102,147,2,109
"872",16,6,0.99920684,0.99949527,0.9990626,0.9995914,100,102,100,2,109
"873",16,7,0.9990626,0.99949527,0.9988223,0.9995914,100,102,147,2,109
"874",16,9,0.99920684,0.99949527,0.9990626,0.9995914,100,102,100,2,109
"875",16,10,0.99920684,0.99949527,0.9990626,0.9995914,100,102,100,2,109
"876",16,11,0.99920684,0.99949527,0.9990626,0.9995914,100,102,100,2,109
"877",16,12,0.99920684,0.99949527,0.9990626,0.9995914,100,102,100,2,109
"878",16,16,0.9988703,0.999303,0.99853384,0.9993991,100,102,100,47,109
"879",16,17,0.99853384,0.9992549,0.9984377,0.999303,100,100,47,102,109
"880",16,18,0.99853384,0.9992549,0.9984377,0.999303,100,107,47,102,109
"881",16,19,0.9989184,0.999303,0.9988703,0.9993991,100,2,100,47,109
"882",16,20,0.9989184,0.999303,0.9988703,0.99949527,100,2,100,100,109
"883",16,28,0.9989184,0.999303,0.9988703,0.9993991,100,2,100,47,109
"884",16,29,0.9989184,0.999303,0.9988703,0.99949527,100,2,100,100,109
"885",16,32,0.9989184,0.999303,0.9988703,0.99949527,100,2,100,100,109
"886",16,33,0.9989184,0.999303,0.9988703,0.99949527,100,2,100,100,109
"887",16,34,0.9989184,0.999303,0.9988703,0.99949527,100,2,100,100,109
"888",16,35,0.9989184,0.999303,0.9988703,0.99949527,100,9,100,100,109
"889",16,36,0.99853384,0.9992549,0.9984377,0.999303,100,100,47,2,109
"890",16,37,0.99853384,0.9992549,0.9984377,0.999303,100,100,47,2,109
"891",16,38,0.9988703,0.9992549,0.99853384,0.999303,100,100,100,2,109
"892",16,39,0.9988703,0.9992549,0.99853384,0.999303,100,200,100,2,109
"893",16,40,0.99863,0.99915874,0.99853384,0.99920684,100,100,100,200,109
"894",16,41,0.99863,0.99915874,0.99853384,0.99920684,100,107,100,200,109
"895",16,42,0.99863,0.99915874,0.99853384,0.99920684,100,100,100,200,109
"896",16,43,0.99863,0.99915874,0.99853384,0.9992549,100,107,100,100,109
"897",16,46,0.99863,0.99915874,0.99853384,0.9992549,100,100,100,100,109
"898",16,47,0.99863,0.99915874,0.99853384,0.999303,100,200,100,2,109
"899",16,48,0.99863,0.99915874,0.99853384,0.999303,100,300,100,2,109
"900",16,49,0.99863,0.99915874,0.99853384,0.9993991,100,300,100,47,109
"901",16,51,0.99853384,0.99915874,0.9984377,0.9993991,100,300,47,47,109
"902",16,52,0.9985819,0.99915874,0.99853384,0.9993991,100,300,100,47,109
"903",16,54,0.9985819,0.99915874,0.99853384,0.9993991,100,200,100,47,109
"904",16,55,0.9985819,0.99915874,0.99853384,0.9993991,100,207,100,47,109
"905",16,56,0.9985819,0.99915874,0.99853384,0.9993991,100,200,100,47,109
"906",16,58,0.9985819,0.9991107,0.99853384,0.99915874,252,200,100,100,109
"907",16,59,0.9985819,0.9991107,0.99853384,0.99915874,252,207,100,100,109
"908",16,60,0.9985819,0.9991107,0.99853384,0.99915874,252,100,100,100,109
"909",16,61,0.9985819,0.9991107,0.99853384,0.99915874,252,107,100,100,109
"910",16,64,0.9985819,0.9991107,0.99853384,0.99915874,252,100,100,100,109
"911",16,65,0.9985819,0.9991107,0.99853384,0.9993991,252,107,100,47,109
"912",16,74,0.9985819,0.9991107,0.99853384,0.9993991,252,100,100,47,109
"913",16,76,0.99896646,0.9993991,0.9989184,0.99949527,100,100,200,100,109
"914",16,77,0.99896646,0.9993991,0.9989184,0.99949527,100,200,200,100,109
"915",16,78,0.99896646,0.9993991,0.9989184,0.99949527,100,100,200,100,109
"916",16,79,0.9989184,0.999351,0.9988223,0.9993991,100,100,47,100,109
"917",16,80,0.9989184,0.999351,0.9988223,0.9993991,100,100,47,100,109
"918",16,86,0.9988223,0.999351,0.9985819,0.9993991,123,107,252,147,109
"919",16,87,0.9988223,0.999351,0.9985819,0.9993991,123,100,252,147,109
"920",16,90,0.9988223,0.9993991,0.9985819,0.99949527,170,147,252,100,109
"921",16,91,0.9988223,0.999351,0.9985819,0.9993991,170,7,252,147,109
"922",16,92,0.9988223,0.9993991,0.9985819,0.99949527,170,100,252,100,109
"923",16,93,0.9988223,0.999351,0.9985819,0.9993991,170,7,252,100,109
"924",16,94,0.9988223,0.9993991,0.9985819,0.99949527,170,100,252,100,109
"925",16,96,0.9988223,0.9993991,0.9985819,0.99949527,147,100,252,100,109
"926",16,97,0.9988223,0.999303,0.9985819,0.999351,100,200,252,48,109
"927",16,98,0.9988223,0.999303,0.9985819,0.9993991,100,200,252,47,109
"928",16,100,0.9988223,0.999303,0.9985819,0.99949527,47,100,252,100,109
"929",16,102,0.99920684,0.99949527,0.99915874,0.9995914,100,100,100,2,109
"930",16,103,0.9991107,0.99944717,0.9988223,0.99949527,100,100,47,100,109
"931",16,104,0.9988223,0.99944717,0.9985819,0.99949527,47,107,152,100,109
"932",16,105,0.9990626,0.99944717,0.9988223,0.99949527,100,107,47,100,109
"933",16,106,0.9988223,0.99944717,0.9985819,0.99949527,47,107,152,100,109
"934",16,107,0.9991107,0.9993991,0.9990626,0.99944717,100,100,100,100,109
"935",16,108,0.9991107,0.9993991,0.9990626,0.99944717,100,100,100,100,109
"936",16,110,0.9991107,0.9993991,0.9990626,0.99944717,100,100,244,100,109
"937",16,111,0.9990626,0.9993991,0.9988223,0.99944717,244,107,147,100,109
"938",16,112,0.9990626,0.9993991,0.9988223,0.99944717,244,100,147,100,109
"939",16,113,0.9990626,0.9993991,0.9988223,0.99944717,244,107,147,100,109
"940",16,114,0.9990626,0.9993991,0.9988223,0.99944717,244,100,147,100,109
"941",16,116,0.9990626,0.99944717,0.9988223,0.9995914,244,100,147,2,109
"942",16,117,0.99944717,0.99968755,0.9992549,0.9997837,100,100,100,100,109
"943",16,118,0.99944717,0.99968755,0.9992549,0.9997837,100,107,100,100,109
"944",16,119,0.99944717,0.99968755,0.9992549,0.9997837,100,100,100,100,109
"945",16,120,0.9993991,0.99968755,0.99920684,0.9997837,100,100,47,100,109
"946",16,121,0.9993991,0.99963945,0.99920684,0.99968755,100,100,47,100,109
"947",16,122,0.99920684,0.99983174,0.9990626,0.99987984,47,20,100,100,109
"948",16,123,0.99944717,0.99983174,0.99920684,0.99987984,100,20,47,100,109
"949",16,125,0.99944717,0.99983174,0.99920684,0.99987984,100,20,47,100,109
"950",16,128,0.9993991,0.9997837,0.99920684,0.99983174,100,107,47,20,109
"951",16,129,0.99920684,0.9997837,0.9990626,0.99983174,47,100,100,20,109
"952",16,131,0.9993991,0.9997837,0.99920684,0.99983174,100,200,47,20,109
"953",16,132,0.9993991,0.9997837,0.99920684,0.99983174,100,200,47,20,109
"954",16,133,0.9990626,0.9993991,0.9988703,0.9997356,100,100,100,200,109
"955",16,134,0.9989184,0.9993991,0.9988703,0.9997356,100,100,100,200,109
"956",16,135,0.9989184,0.9993991,0.9988703,0.9997356,100,100,100,200,109
"957",16,136,0.9988223,0.9993991,0.99853384,0.9997356,47,100,100,100,109
"958",16,137,0.9988223,0.9993991,0.99853384,0.9997356,47,100,100,100,109
"959",16,138,0.99896646,0.9993991,0.9988223,0.9997356,100,100,47,100,109
"960",16,140,0.9988223,0.9993991,0.99853384,0.9997356,47,100,100,100,109
"961",16,141,0.9990626,0.9993991,0.9988223,0.9997356,100,100,47,100,109
"962",16,144,0.9991107,0.99968755,0.9990626,0.9997837,100,100,100,47,109
"963",16,145,0.9991107,0.99968755,0.9990626,0.9997837,100,107,100,47,109
"964",16,146,0.9990626,0.99968755,0.9988223,0.9997837,100,107,204,47,109
"965",16,150,0.9990626,0.99968755,0.9988223,0.99983174,100,100,204,20,109
"966",16,151,0.9990626,0.99968755,0.9988223,0.9997837,100,100,204,47,109
"967",16,152,0.9990626,0.99968755,0.9988223,0.9997837,100,100,204,47,109
"968",16,153,0.9990626,0.99968755,0.9988223,0.9997356,100,107,204,100,109
"969",16,154,0.9990626,0.99968755,0.9988223,0.99983174,100,100,104,20,109
"970",16,155,0.9990626,0.99968755,0.9988223,0.9997837,100,100,104,47,109
"971",16,156,0.9990626,0.99968755,0.9988223,0.9997837,100,100,204,47,109
"972",16,158,0.9991107,0.99968755,0.9990626,0.9997837,100,100,100,47,109
"973",16,162,0.9991107,0.99968755,0.9990626,0.99983174,100,100,100,20,109
"974",16,164,0.9991107,0.99968755,0.9990626,0.9997837,105,200,100,47,109
"975",16,168,0.9991107,0.99968755,0.9990626,0.99983174,105,200,100,20,109
"976",16,169,0.9990626,0.99968755,0.9988223,0.9997356,100,200,204,100,109
"977",16,170,0.9988223,0.99968755,0.9985819,0.9997356,104,200,100,100,109
"978",16,172,0.99915874,0.99968755,0.9988223,0.99983174,200,200,104,20,109
"979",16,173,0.99915874,0.99968755,0.9988223,0.9997837,100,300,104,47,109
"980",16,176,0.9988223,0.999303,0.99853384,0.999351,47,200,100,100,109
"981",16,177,0.9988223,0.999303,0.99853384,0.999351,47,100,100,100,109
"982",16,178,0.9990626,0.99963945,0.9988223,0.99968755,100,100,47,100,109
"983",16,180,0.9988223,0.9995914,0.99853384,0.99963945,99,100,100,100,109
"984",16,184,0.9991107,0.9995914,0.9988223,0.99963945,100,100,99,100,109
"985",16,185,0.9991107,0.99968755,0.9990626,0.9997356,100,100,100,200,109
"986",16,186,0.999351,0.9997837,0.99920684,0.99983174,100,200,47,20,109
"987",16,188,0.99920684,0.9997837,0.9991107,0.99983174,47,200,100,20,109
"988",16,189,0.999351,0.9997837,0.99920684,0.99983174,100,200,47,20,109
"989",16,192,0.9992549,0.99968755,0.99920684,0.9997356,100,200,47,100,109
"990",16,199,0.99949527,0.99983174,0.99944717,0.99987984,100,20,6,100,109
"991",16,200,0.999351,0.9997356,0.9992549,0.99983174,100,100,96,20,109
"992",16,201,0.99920684,0.99968755,0.99915874,0.9997356,100,100,100,100,109
"993",16,204,0.99920684,0.99968755,0.9988703,0.9997356,100,100,100,100,109
"994",16,205,0.99920684,0.99968755,0.9988703,0.9997356,147,100,100,100,109
"995",16,206,0.99920684,0.99968755,0.9988703,0.9997356,100,100,100,100,109
"996",16,207,0.99920684,0.99968755,0.9988703,0.9997356,147,100,100,100,109
"997",16,211,0.99920684,0.99968755,0.9990626,0.9997356,147,100,100,100,109
"998",16,213,0.99920684,0.99968755,0.9990626,0.9997356,147,100,100,100,109
"999",16,216,0.99920684,0.99968755,0.9988703,0.9997356,100,100,100,100,109
"1000",16,217,0.99920684,0.99968755,0.9988703,0.9997356,147,100,100,100,109
"1001",16,218,0.99920684,0.99968755,0.9990626,0.9997356,100,100,100,100,109
"1002",16,219,0.99920684,0.99968755,0.9990626,0.9997356,147,100,100,100,109
"1003",16,220,0.99920684,0.99968755,0.9990626,0.9997356,147,200,100,100,109
"1004",16,222,0.9992549,0.99968755,0.99920684,0.9997356,100,200,47,100,109
"1005",16,223,0.9990626,0.99968755,0.9988223,0.9997356,100,200,199,100,109
"1006",16,224,0.9992549,0.99968755,0.99920684,0.9997356,100,200,47,100,109
"1007",16,227,0.9988223,0.99968755,0.99853384,0.9997356,99,200,100,100,109
"1008",16,228,0.99920684,0.99968755,0.9988223,0.9997356,47,200,99,100,109
"1009",16,234,0.99920684,0.99963945,0.9988223,0.9997356,47,200,99,100,109
"1010",16,239,0.999303,0.99963945,0.9992549,0.9997356,100,100,100,100,109
"1011",16,241,0.99944717,0.99983174,0.9992549,0.99987984,100,20,100,100,109
"1012",16,257,0.999303,0.9997837,0.9992549,0.99983174,100,100,100,20,109
"1013",16,271,0.999303,0.9997837,0.9992549,0.99983174,100,147,100,20,109
"1014",16,272,0.9992549,0.9997837,0.9990626,0.99983174,100,147,100,20,109
"1015",16,273,0.999303,0.9997837,0.9992549,0.99983174,100,147,100,20,109
"1016",16,276,0.999303,0.9997837,0.9992549,0.99983174,100,247,100,20,109
"1017",16,278,0.999303,0.9997837,0.9992549,0.99983174,100,200,100,20,109
"1018",16,281,0.999303,0.9997837,0.9992549,0.99983174,100,247,100,20,109
"1019",16,283,0.999303,0.9997837,0.9992549,0.99983174,100,200,100,20,109
"1020",16,288,0.999303,0.9997837,0.9992549,0.99983174,100,247,100,20,109
"1021",16,289,0.9992549,0.9997837,0.99920684,0.99983174,100,247,47,20,109
"1022",16,290,0.999351,0.9997837,0.999303,0.99983174,100,247,100,20,109
"1023",16,292,0.999303,0.9997837,0.9992549,0.99983174,100,247,100,20,109
"1024",16,293,0.999351,0.9997837,0.999303,0.99983174,100,200,100,20,109
"1025",16,295,0.999351,0.9997837,0.999303,0.99983174,100,200,100,20,109
"1026",16,297,0.999303,0.9997837,0.9992549,0.99983174,100,247,100,120,109
"1027",16,298,0.999303,0.9997837,0.9992549,0.99983174,100,247,100,20,109
"1028",16,299,0.999351,0.9997837,0.99920684,0.99983174,100,200,47,20,109
"1029",16,302,0.999351,0.9997837,0.99920684,0.99983174,100,100,47,20,109
"1030",16,304,0.9995914,0.99987984,0.9995433,0.9999279,96,100,200,100,109
"1031",16,305,0.9995914,0.99987984,0.9995433,0.9999279,100,100,200,100,109
"1032",16,307,0.9995914,0.99987984,0.9995433,0.9999279,100,100,200,100,109
"1033",16,309,0.9995914,0.99987984,0.9995433,0.9999279,100,100,200,100,109
"1034",16,310,0.9995433,0.99987984,0.99920684,0.9999279,200,100,47,100,109
"1035",16,311,0.9995914,0.99987984,0.9995433,0.9999279,100,100,200,100,109
"1036",16,316,0.9995914,0.9999279,0.9995433,0.999976,100,100,200,100,109
"1037",16,321,0.9995914,0.99987984,0.9995433,0.9999279,100,100,100,100,109
"1038",16,322,0.9995433,0.99987984,0.99949527,0.9999279,100,100,100,100,109
"1039",16,324,0.9995433,0.99987984,0.99949527,0.9999279,100,100,100,100,109
"1040",16,325,0.9995433,0.99987984,0.99949527,0.9999279,100,100,100,100,109
"1041",16,326,0.9995914,0.9999279,0.9995433,0.999976,100,9,100,100,109
"1042",16,331,0.9995914,0.9999279,0.99949527,0.999976,100,9,100,100,109
"1043",16,332,0.9995433,0.99987984,0.99920684,0.9999279,100,200,47,9,109
"1044",16,333,0.9995433,0.99987984,0.99920684,0.9999279,100,200,47,9,109
"1045",16,334,0.9995433,0.99987984,0.99920684,0.9999279,100,200,47,9,109
"1046",16,335,0.9995433,0.99987984,0.99920684,0.9999279,100,200,147,9,109
"1047",16,338,0.99920684,0.9997837,0.9990626,0.9999279,47,200,100,9,109
"1048",16,339,0.9995433,0.9997837,0.99920684,0.9999279,100,100,47,9,109
"1049",16,341,0.9995433,0.9997837,0.99920684,0.9999279,100,100,47,9,109
"1050",16,342,0.99920684,0.9997837,0.9990626,0.9999279,47,100,100,9,109
"1051",16,343,0.9995433,0.9997837,0.99920684,0.9999279,100,100,47,9,109
"1052",16,344,0.99920684,0.9997837,0.9990626,0.9999279,47,100,100,9,109
"1053",16,345,0.9995433,0.9997837,0.99920684,0.9999279,100,100,47,9,109
"1054",16,347,0.99901456,0.9993991,0.99896646,0.99963945,100,47,100,100,109
"1055",16,348,0.9991107,0.9995433,0.9990626,0.99963945,100,100,100,100,109
"1056",16,349,0.99896646,0.9995433,0.9988223,0.99963945,100,120,47,100,109
"1057",16,350,0.99896646,0.9995433,0.9988223,0.99963945,100,100,47,100,109
"1058",16,351,0.9991107,0.9995433,0.9990626,0.99963945,100,100,100,100,109
"1059",16,352,0.9991107,0.9995433,0.9990626,0.99963945,100,101,100,100,109
"1060",16,355,0.9991107,0.9995433,0.9990626,0.99968755,100,201,100,100,109
"1061",16,358,0.99901456,0.9995433,0.9988223,0.99968755,100,201,47,100,109
"1062",16,359,0.9988703,0.99944717,0.9988223,0.9995433,100,100,47,100,109
"1063",16,360,0.9989184,0.99944717,0.9988703,0.9995433,100,100,100,100,109
"1064",16,361,0.9987742,0.999351,0.99863,0.9993991,100,300,100,347,109
"1065",16,362,0.9987742,0.999351,0.99863,0.9993991,100,200,100,347,109
"1066",16,363,0.99863,0.999351,0.9985819,0.9993991,100,200,120,347,109
"1067",16,365,0.99863,0.999351,0.9985819,0.9993991,100,200,20,347,109
"1068",16,367,0.9985819,0.999351,0.99853384,0.9993991,20,200,100,347,109
"1069",16,368,0.9985819,0.9992549,0.99853384,0.999351,20,100,100,100,109
"1070",16,369,0.9985819,0.9992549,0.99853384,0.9993991,20,200,100,347,109
"1071",16,370,0.9985819,0.9992549,0.9984377,0.9993991,20,300,47,347,109
"1072",16,371,0.9985819,0.9992549,0.99853384,0.9993991,20,200,200,347,109
"1073",16,372,0.9985819,0.99915874,0.99853384,0.9992549,20,100,100,100,109
"1074",16,373,0.99829346,0.9988223,0.9981012,0.9988703,100,104,100,4,109
"1075",16,374,0.99829346,0.9988223,0.9981012,0.9989184,100,100,100,100,109
"1076",16,377,0.99829346,0.9988223,0.9981012,0.99896646,100,100,100,100,109
"1077",16,380,0.9984377,0.9988703,0.99829346,0.9989184,100,100,100,1,109
"1078",16,382,0.9984377,0.9988703,0.99829346,0.9989184,100,200,100,1,109
"1079",16,383,0.9984377,0.9988703,0.9981012,0.9989184,100,200,100,1,109
"1080",16,386,0.9984377,0.9988703,0.9981012,0.9989184,100,200,100,1,109
"1081",16,392,0.9981012,0.9988703,0.99805313,0.9989184,100,200,47,1,109
"1082",16,395,0.9984377,0.9988703,0.9981012,0.9989184,100,200,100,1,109
"1083",16,401,0.9984377,0.9988703,0.9981012,0.9989184,100,200,100,1,109
"1084",16,405,0.9984377,0.9988703,0.9981012,0.9989184,100,200,100,1,109
"1085",16,406,0.9981012,0.9988703,0.99805313,0.9989184,100,200,47,1,109
"1086",16,408,0.99853384,0.9988703,0.99848574,0.9989184,100,100,100,1,109
"1087",16,417,0.99853384,0.9988223,0.99848574,0.9988703,100,100,100,100,109
"1088",16,420,0.9988703,0.9991107,0.99863,0.99920684,100,200,100,100,109
"1089",16,421,0.9985819,0.9990626,0.99853384,0.9991107,100,100,100,100,109
"1090",16,427,0.9985819,0.9990626,0.99853384,0.9991107,100,200,100,100,109
"1091",16,429,0.9985819,0.9990626,0.99853384,0.99920684,100,300,100,100,109
"1092",16,435,0.9985819,0.9990626,0.99853384,0.99920684,100,301,100,100,109
"1093",16,436,0.9984377,0.9990626,0.9981012,0.99920684,47,301,100,100,109
"1094",16,437,0.9985819,0.9990626,0.99853384,0.99920684,100,301,100,100,109
"1095",16,440,0.9985819,0.9990626,0.9984377,0.99920684,100,301,47,100,109
"1096",16,442,0.9985819,0.9990626,0.9984377,0.99920684,100,301,47,100,109
"1097",16,443,0.9985819,0.9990626,0.99853384,0.99920684,100,301,100,100,109
"1098",16,444,0.99863,0.9990626,0.9985819,0.99920684,100,301,100,100,109
"1099",16,445,0.9981012,0.99853384,0.99805313,0.9987742,100,100,47,100,109
"1100",16,446,0.9981973,0.9987742,0.9981493,0.99896646,100,100,100,200,109
"1101",16,447,0.9981973,0.99853384,0.9981493,0.9987742,100,100,100,100,109
"1102",16,448,0.9981973,0.99853384,0.9981493,0.99896646,100,100,100,200,109
"1103",16,449,0.99805313,0.99848574,0.99800503,0.99853384,100,100,100,100,109
"1104",16,450,0.99805313,0.99848574,0.99800503,0.99853384,100,100,100,100,109
"1105",16,453,0.99805313,0.99848574,0.99800503,0.99853384,100,200,100,100,109
"1106",16,454,0.99805313,0.99848574,0.99800503,0.99863,100,200,100,47,109
"1107",16,455,0.99781275,0.9984377,0.9977166,0.99848574,100,132,100,200,109
"1108",16,456,0.99786085,0.9984377,0.99781275,0.99848574,100,132,100,201,109
"1109",16,458,0.9977647,0.9984377,0.9977166,0.99848574,100,132,100,201,109
"1110",16,459,0.99766856,0.9984377,0.99738014,0.99848574,47,232,100,101,109
"1111",16,460,0.9977166,0.9984377,0.99766856,0.99848574,100,232,47,101,109
"1112",16,461,0.99766856,0.9984377,0.99738014,0.99848574,47,232,100,1,109
"1113",16,462,0.9977166,0.9984377,0.99766856,0.99848574,100,232,47,1,109
"1114",16,463,0.99766856,0.9984377,0.99738014,0.99848574,47,232,100,1,109
"1115",16,465,0.99786085,0.9984377,0.99781275,0.99848574,196,200,100,1,109
"1116",16,467,0.99786085,0.9984377,0.99781275,0.99848574,100,132,100,1,109
"1117",16,468,0.99781275,0.9981493,0.9977166,0.9984377,100,100,100,132,109
"1118",16,471,0.99766856,0.9981493,0.99738014,0.9984377,47,200,200,32,109
"1119",16,475,0.99766856,0.9981493,0.99738014,0.9984377,47,300,200,32,109
"1120",16,476,0.99738014,0.9981493,0.99733204,0.9982454,200,300,100,47,109
"1121",16,480,0.99766856,0.9981493,0.99738014,0.9984377,243,300,200,32,109
"1122",16,481,0.99766856,0.9981493,0.99738014,0.9984377,443,200,200,32,109
"1123",16,482,0.99766856,0.9981012,0.99738014,0.9981493,196,100,200,200,109
"1124",16,483,0.99766856,0.9981012,0.99738014,0.9981493,196,100,200,200,109
"1125",16,484,0.99766856,0.9981012,0.99738014,0.9981493,243,100,200,200,109
"1126",16,485,0.99766856,0.9981493,0.99738014,0.9984377,243,200,200,100,109
"1127",16,486,0.99766856,0.99805313,0.99738014,0.9981493,243,200,200,100,109
"1128",16,488,0.99766856,0.99805313,0.99738014,0.9984377,243,200,200,100,109
"1129",16,489,0.9975243,0.99805313,0.99738014,0.9982454,123,200,200,47,109
"1130",16,490,0.9975724,0.99805313,0.9975243,0.9982454,100,190,23,47,109
"1131",16,492,0.9975243,0.99805313,0.99738014,0.9982454,23,190,100,47,109
"1132",16,494,0.9975243,0.99805313,0.99738014,0.9981012,23,190,100,100,109
"1133",16,496,0.9975243,0.99805313,0.99738014,0.9981012,23,191,100,101,109
"1134",16,497,0.99738014,0.99805313,0.997284,0.9981012,100,191,147,101,109
"1135",16,501,0.9975243,0.99805313,0.99738014,0.9981012,123,191,100,101,109
"1136",16,503,0.99738014,0.99805313,0.997284,0.9981012,100,191,147,101,109
"1137",16,505,0.997284,0.99805313,0.99718785,0.9981012,147,191,100,101,109
"1138",16,506,0.9972359,0.9977166,0.99713975,0.99786085,100,200,100,147,109
"1139",16,509,0.9972359,0.9977166,0.99713975,0.99786085,100,200,100,100,109
"1140",16,511,0.9972359,0.9977166,0.99713975,0.99786085,100,200,100,100,109
"1141",16,512,0.9972359,0.9977166,0.99713975,0.99786085,100,200,100,100,109
"1142",16,515,0.9972359,0.9977166,0.99713975,0.99786085,100,200,100,100,109
"1143",16,516,0.9972359,0.9977166,0.99713975,0.99786085,196,100,100,100,109
"1144",16,518,0.9972359,0.9977166,0.99713975,0.99786085,196,100,100,147,109
"1145",16,519,0.9972359,0.9977166,0.99713975,0.99786085,196,100,100,47,109
"1146",16,526,0.9972359,0.9977166,0.99713975,0.997957,196,100,100,1,109
"1147",16,528,0.9972359,0.9977166,0.99713975,0.99786085,196,100,100,47,109
"1148",16,533,0.9975243,0.9979089,0.997284,0.997957,100,100,47,1,109
"1149",16,534,0.9975243,0.9979089,0.997284,0.997957,100,200,47,1,109
"1150",16,535,0.9975724,0.9979089,0.9975243,0.997957,100,100,300,1,109
"1151",16,536,0.99762046,0.9981012,0.9975724,0.9981493,100,100,123,100,109
"1152",16,537,0.99762046,0.9981012,0.9975724,0.9981493,196,100,100,100,109
"1153",16,547,0.99762046,0.9981012,0.9975724,0.9981493,296,100,100,100,109
"1154",16,553,0.99762046,0.9981012,0.9975724,0.9981493,296,100,100,100,109
"1155",16,560,0.99762046,0.9981012,0.9975243,0.9981493,496,100,100,100,109
"1156",16,565,0.99762046,0.9981012,0.9975243,0.9981493,296,200,100,100,109
"1157",16,567,0.9981012,0.99829346,0.997957,0.99834156,2,100,200,10,109
"1158",16,568,0.99766856,0.9981973,0.99762046,0.9982454,200,100,100,47,109
"1159",16,569,0.99766856,0.9981973,0.9975724,0.9982454,200,100,100,47,109
"1160",16,575,0.99766856,0.9981973,0.9975243,0.9982454,100,100,100,47,109
"1161",16,576,0.9977166,0.9981973,0.99766856,0.99829346,100,100,147,100,109
"1162",16,577,0.9977166,0.9981973,0.99766856,0.9982454,100,100,147,47,109
"1163",16,578,0.9977166,0.9981973,0.99766856,0.9982454,188,100,47,47,109
"1164",16,579,0.9977166,0.9981973,0.99766856,0.99829346,188,100,47,100,109
"1165",16,585,0.9977166,0.9981973,0.99766856,0.9982454,88,100,47,47,109
"1166",16,586,0.9977166,0.9981973,0.99762046,0.9982454,88,100,100,47,109
"1167",16,587,0.9977166,0.9981973,0.99766856,0.99829346,88,100,47,100,109
"1168",16,590,0.9977647,0.9981973,0.9977166,0.99829346,100,100,88,100,109
"1169",16,592,0.9977647,0.9981973,0.99766856,0.99829346,100,100,47,100,109
"1170",16,593,0.9977647,0.9981973,0.99766856,0.99829346,100,100,47,100,109
"1171",16,599,0.9975243,0.99781275,0.997284,0.9979089,4,100,47,200,109
"1172",31,0,0.9986636,0.99927455,0.9984727,0.9993509,1,6,144,11,109
"1173",31,3,0.99873996,0.99927455,0.9986636,0.9993509,2,6,1,11,109
"1174",31,5,0.99877816,0.99927455,0.99873996,0.9993509,1,6,2,11,109
"1175",31,9,0.99877816,0.99927455,0.99873996,0.9993509,1,6,2,11,109
"1176",31,14,0.99877816,0.99919814,0.99873996,0.99927455,1,4,2,6,109
"1177",31,15,0.99877816,0.99919814,0.99873996,0.99927455,1,6,2,5,109
"1178",31,16,0.9981672,0.99877816,0.99793816,0.9989691,400,113,46,100,109
"1179",31,17,0.9981672,0.99877816,0.99793816,0.9993509,100,113,46,11,109
"1180",31,18,0.99793816,0.99862546,0.99789995,0.99877816,46,1,300,113,109
"1181",31,19,0.99789995,0.9982818,0.9976327,0.99839634,300,15,147,1,109
"1182",31,20,0.99793816,0.99877816,0.99789995,0.9993509,42,113,301,11,109
"1183",31,21,0.9981672,0.99877816,0.99793816,0.9993509,19,155,42,11,109
"1184",31,24,0.99835813,0.99877816,0.9981672,0.9993509,100,113,19,11,109
"1185",31,25,0.99835813,0.99877816,0.9981672,0.99919814,13,113,19,100,109
"1186",31,28,0.99839634,0.99877816,0.9981672,0.9989691,100,113,19,42,109
"1187",31,29,0.9981672,0.99877816,0.99793816,0.9989691,19,113,42,42,109
"1188",31,32,0.9981672,0.99877816,0.99793816,0.9988545,19,113,42,12,109
"1189",31,33,0.9981672,0.99873996,0.99793816,0.99877816,19,8,42,113,109
"1190",31,47,0.9981672,0.99873996,0.99793816,0.99877816,19,108,42,113,109
"1191",31,48,0.99793816,0.99873996,0.99789995,0.99877816,42,208,1,113,109
"1192",31,49,0.99793816,0.99873996,0.99789995,0.9988545,42,208,1,12,109
"1193",31,50,0.99793816,0.99873996,0.99789995,0.9988545,42,200,1,12,109
"1194",31,51,0.99793816,0.99854904,0.99789995,0.99873996,42,8,1,200,109
"1195",31,54,0.99793816,0.99854904,0.99789995,0.9986636,42,8,1,11,109
"1196",31,59,0.99789995,0.99854904,0.9976327,0.9986636,47,5,47,11,109
"1197",31,60,0.99789995,0.9986636,0.9976327,0.99873996,47,11,47,200,109
"1198",31,63,0.99789995,0.9986636,0.9976327,0.99873996,47,11,47,100,109
"1199",31,67,0.99789995,0.99854904,0.9976327,0.9986636,47,100,47,11,109
"1200",31,70,0.99809086,0.99854904,0.99789995,0.9986636,100,100,47,11,109
"1201",31,72,0.99809086,0.9986636,0.99789995,0.99873996,400,11,47,100,109
"1202",31,73,0.99809086,0.9986636,0.99789995,0.99873996,100,11,47,100,109
"1203",31,77,0.99809086,0.99854904,0.99789995,0.9986636,100,100,47,11,109
"1204",31,78,0.99809086,0.99854904,0.99789995,0.9986636,104,100,46,11,109
"1205",31,97,0.99809086,0.99854904,0.99789995,0.9986636,105,100,46,11,109
"1206",31,100,0.99809086,0.99854904,0.99789995,0.9986636,110,100,46,11,109
"1207",31,106,0.99809086,0.9985109,0.9976327,0.99854904,10,100,47,102,109
"1208",31,107,0.99809086,0.9985109,0.9976327,0.99854904,10,100,47,102,109
"1209",31,108,0.99809086,0.9984727,0.99789995,0.9985109,10,109,44,100,109
"1210",31,110,0.99809086,0.9984727,0.9976327,0.9985109,10,109,47,100,109
"1211",31,112,0.99809086,0.9984727,0.99793816,0.9985109,10,109,44,100,109
"1212",31,115,0.99809086,0.9984727,0.9976327,0.9985109,10,109,47,100,109
"1213",31,119,0.9973654,0.9978236,0.99709815,0.9978618,93,10,42,100,109
"1214",31,120,0.99709815,0.9978618,0.9967163,0.9980527,42,100,145,214,109
"1215",31,125,0.99709815,0.9978236,0.9967163,0.9978618,42,110,145,100,109
"1216",31,131,0.99705994,0.9978236,0.9967163,0.9978618,63,110,145,100,109
"1217",31,133,0.9967163,0.9975563,0.99663997,0.9978236,145,300,44,10,109
"1218",31,135,0.9967163,0.9975563,0.99663997,0.9980145,145,300,44,44,109
"1219",31,137,0.9969836,0.9975563,0.9967163,0.9980145,1,300,145,44,109
"1220",31,141,0.99728906,0.9980145,0.99709815,0.9982818,19,44,200,100,109
"1221",31,142,0.99705994,0.9981672,0.9969836,0.9982818,44,44,1,100,109
"1222",31,143,0.9973654,0.99858725,0.9973272,0.99862546,500,44,100,39,109
"1223",31,144,0.9973654,0.99858725,0.99705994,0.99862546,400,44,44,39,109
"1224",31,145,0.9973654,0.99858725,0.99705994,0.99862546,700,44,144,39,109
"1225",31,152,0.9973654,0.99839634,0.99705994,0.99858725,400,9,144,44,109
"1226",31,154,0.9973654,0.99839634,0.99705994,0.99858725,600,9,144,44,109
"1227",31,155,0.9973654,0.99843454,0.99705994,0.99858725,400,10,44,44,109
"1228",31,157,0.9973654,0.99843454,0.99705994,0.99858725,300,10,44,44,109
"1229",31,158,0.9973654,0.99843454,0.99705994,0.99858725,200,10,44,44,109
"1230",31,161,0.9973654,0.99843454,0.99705994,0.99858725,400,10,44,44,109
"1231",31,162,0.9973654,0.99843454,0.99709815,0.99858725,700,10,100,44,109
"1232",31,163,0.9973654,0.99843454,0.99721265,0.99858725,700,10,51,44,109
"1233",31,170,0.9973654,0.99858725,0.99721265,0.99862546,700,44,51,39,109
"1234",31,173,0.9973654,0.99858725,0.99721265,0.99862546,300,44,51,39,109
"1235",31,174,0.99709815,0.99835813,0.99705994,0.99858725,100,1,44,44,109
"1236",31,175,0.99709815,0.99832,0.99705994,0.99858725,100,10,44,44,109
"1237",31,179,0.99705994,0.99832,0.9969836,0.99858725,44,10,1,44,109
"1238",31,180,0.99748,0.99835813,0.99705994,0.99858725,43,1,44,44,109
"1239",31,182,0.99748,0.99832,0.99721265,0.99858725,43,1,100,44,109
"1240",31,189,0.99748,0.99832,0.99721265,0.99858725,44,1,100,44,109
"1241",31,196,0.9975181,0.99832,0.99748,0.99858725,301,1,44,44,109
"1242",31,199,0.9975181,0.99832,0.99748,0.99858725,101,1,44,44,109
"1243",31,200,0.9979763,0.99938905,0.99748,0.9996945,319,44,43,100,109
"1244",31,201,0.9982818,0.99938905,0.9980145,0.9996945,43,44,47,100,109
"1245",31,204,0.99862546,0.99938905,0.9982818,0.9996945,800,44,143,100,109
"1246",31,205,0.99862546,0.99938905,0.9982818,0.9996945,600,44,143,100,109
"1247",31,208,0.9982818,0.99938905,0.99812907,0.9996945,143,44,100,100,109
"1248",31,212,0.9982818,0.99927455,0.99812907,0.99938905,143,7,100,44,109
"1249",31,215,0.9987018,0.99927455,0.9982818,0.99938905,1,7,143,44,109
"1250",31,221,0.9987018,0.99927455,0.99843454,0.99938905,1,7,200,44,109
"1251",31,224,0.99904543,0.9998091,0.99873996,1.0002291,300,43,200,43,109
"1252",31,225,0.99904543,0.9998091,0.9989309,1.0002291,200,43,43,43,109
"1253",31,227,0.99904543,0.9998091,0.9988164,1.0002291,200,43,147,43,109
"1254",31,228,0.99904543,0.9998091,0.9988164,1.0002291,200,43,47,43,109
"1255",31,230,0.99927455,0.9998091,0.99923635,1.0002291,200,43,1,43,109
"1256",31,231,0.9993127,1.0002291,0.99923635,1.0003818,200,43,1,200,109
"1257",31,232,0.99923635,1.0002291,0.9990072,1.0003818,1,43,100,200,109
"1258",31,234,0.99923635,1.0002291,0.9988164,1.0003818,1,43,47,200,109
"1259",31,235,0.9988164,1.0002291,0.99873996,1.0004964,47,43,200,100,109
"1260",31,237,0.9988164,1.0002291,0.99873996,1.0004964,147,43,200,100,109
"1261",31,240,0.99904543,1.0002291,0.9988164,1.0004964,43,43,147,100,109
"1262",31,242,0.99946547,1.0002291,0.9993509,1.0004964,48,43,47,100,109
"1263",31,243,0.99946547,1.0004964,0.9993509,1.0006491,648,100,47,43,109
"1264",31,244,0.99946547,1.0006491,0.9993509,1.0009164,748,43,47,200,109
"1265",31,246,0.9998091,1.00042,0.99946547,1.0006491,600,100,148,43,109
"1266",31,250,0.9998091,1.00042,0.99946547,1.0006491,600,100,148,43,109
"1267",31,252,0.99946547,1.0006491,0.9993509,1.0009545,148,43,47,100,109
"1268",31,253,0.99946547,1.0006491,0.9993509,1.0009545,100,47,47,100,109
"1269",31,255,0.99946547,1.000611,0.9993509,1.0006491,100,250,47,47,109
"1270",31,257,0.9993509,1.0002291,0.99904543,1.000611,47,47,143,155,109
"1271",31,258,0.9993509,1.0002291,0.99904543,1.0004964,47,47,143,265,109
"1272",31,259,0.9993509,1.0002291,0.99904543,1.0004582,47,47,143,43,109
"1273",31,270,0.9993509,1.0001527,0.99904543,1.0002291,47,9,143,47,109
"1274",31,272,0.9993509,1.0001527,0.99904543,1.000611,647,15,143,36,109
"1275",31,274,0.9993509,1.0001527,0.99904543,1.000611,147,15,143,36,109
"1276",31,277,0.9993509,1.0001527,0.99904543,1.000611,147,16,43,36,109
"1277",31,278,0.99927455,1.0001527,0.99923635,1.0001909,500,16,47,47,109
"1278",31,279,0.99927455,0.99992365,0.99923635,1.0001527,500,7,47,9,109
"1279",31,295,0.99927455,0.99992365,0.99923635,1.0001527,300,7,47,9,109
"1280",31,300,0.99927455,0.99992365,0.9989691,1.0001527,300,1,100,9,109
"1281",31,301,0.99927455,0.99992365,0.9989691,1.0001527,300,1,100,9,109
"1282",31,305,0.99927455,0.99992365,0.99919814,1.0001527,300,1,100,9,109
"1283",31,307,0.99919814,0.99992365,0.9989691,1.0001527,100,1,100,9,109
"1284",31,308,0.99927455,0.99992365,0.99919814,1.0001527,300,1,100,9,109
"1285",31,312,0.99927455,0.99992365,0.99919814,1.0001527,300,2,100,9,109
"1286",31,314,0.99927455,0.99992365,0.99919814,1.0001527,300,2,100,9,109
"1287",31,316,0.99927455,0.99992365,0.99919814,1.0001527,300,2,100,9,109
"1288",31,318,0.99927455,0.9997709,0.99919814,0.99992365,300,45,100,2,109
"1289",31,319,0.99927455,0.99992365,0.99919814,1.0001527,300,2,100,9,109
"1290",31,320,0.99919814,0.99992365,0.99904543,1.0001527,100,2,100,9,109
"1291",31,321,0.99919814,1.0001527,0.9988927,1.0001909,100,9,100,47,109
"1292",31,323,0.9993127,1.0001527,0.99919814,1.0001909,45,9,100,47,109
"1293",31,324,0.9993127,1.0001527,0.99927455,1.0001909,45,9,500,47,109
"1294",31,326,0.99927455,1.0001527,0.99919814,1.0002291,45,9,100,45,109
"1295",31,329,0.9993509,1.0001527,0.99927455,1.0002291,1,9,45,45,109
"1296",31,332,0.9993509,1.0001527,0.99927455,1.0002291,1,15,45,45,109
"1297",31,339,0.99938905,1.0001527,0.9993509,1.0002291,400,15,1,45,109
"1298",31,341,0.99938905,1.0001527,0.9993509,1.0002291,100,15,1,45,109
"1299",31,342,0.99942726,1.0001527,0.99938905,1.0002291,2,15,100,45,109
"1300",31,343,0.99942726,1.0001527,0.9993509,1.0002291,2,25,1,45,109
"1301",31,347,0.99942726,1.0001146,0.9993509,1.0001527,2,10,1,15,109
"1302",31,348,0.99942726,1.0006491,0.9993127,1.0009545,2,43,300,100,109
"1303",31,349,0.9998091,1.0006491,0.9995036,1.0009545,10,43,200,100,109
"1304",31,350,0.9998091,1.0006491,0.9995036,1.0009545,10,43,100,100,109
"1305",31,358,0.99946547,1.0003437,0.99942726,1.0006491,100,11,2,43,109
"1306",31,364,0.9998091,1.0003437,0.99946547,1.0006491,10,11,100,43,109
"1307",31,366,0.99988544,1.0003437,0.9998091,1.0006491,200,11,10,43,109
"1308",31,367,0.99988544,1.0003437,0.9997709,1.0006491,200,11,44,43,109
"1309",31,372,0.99988544,1.0003437,0.99973273,1.0006491,200,11,144,43,109
"1310",31,373,0.99992365,1.0003437,0.99973273,1.0006491,12,11,44,43,109
"1311",31,376,1,1.0003437,0.9999618,1.0006491,1,19,200,43,109
"1312",31,379,1.0003437,1.0009545,1.0002673,1.0011073,400,100,100,45,109
"1313",31,380,1.0003437,1.0011073,1.0000381,1.0014892,400,45,200,200,109
"1314",31,381,1.0003437,1.0011073,1.0000381,1.0014892,400,45,100,200,109
"1315",31,383,1.0000381,1.0007637,0.99992365,1.0011073,100,29,100,45,109
"1316",31,384,1.0003818,1.0007637,0.99992365,1.0011073,312,10,100,45,109
"1317",31,387,1.0003818,1.0011073,1.0000764,1.0015273,212,45,100,91,109
"1318",31,392,1.0003818,1.0011073,1.0000764,1.0015273,213,45,100,91,109
"1319",31,396,1.0003818,1.0011073,1.0002673,1.0015273,214,45,44,91,109
"1320",31,398,1.0003818,1.0011073,1.0002673,1.0015273,414,45,44,91,109
"1321",31,403,1.0003818,1.0011073,1.0002673,1.0015273,14,45,44,91,109
"1322",31,405,1.0003818,1.0011073,1.0002673,1.0015273,2,45,44,91,109
"1323",31,406,1.000611,1.0011073,1.0002673,1.0015273,201,45,44,91,109
"1324",31,408,0.99992365,1.0008401,0.9998091,1.0008782,100,100,100,100,109
"1325",31,409,1.0002291,1.0008401,0.99992365,1.0008782,43,100,100,100,109
"1326",31,414,0.99992365,1.0008401,0.9998091,1.0008782,100,100,100,100,109
"1327",31,418,0.9998091,1.0008401,0.99973273,1.0008782,100,100,144,100,109
"1328",31,420,0.9998091,1.0008401,0.99973273,1.0008782,100,100,144,100,109
"1329",31,423,0.9998091,1.0008782,0.99973273,1.0011073,100,100,144,45,109
"1330",31,430,0.9998091,1.0008018,0.99973273,1.0008782,100,100,144,100,109
"1331",31,432,0.9998091,1.0008018,0.99973273,1.0008782,100,100,144,100,109
"1332",31,437,1.0001527,1.0008018,0.9998091,1.0008782,43,100,100,100,109
"1333",31,440,1.0001527,1.0008018,0.9998091,1.0011073,43,200,100,45,109
"1334",31,441,1.0001527,1.0008018,1.0000764,1.0011073,43,200,52,45,109
"1335",31,443,1.0000764,1.0008018,0.9998091,1.0011073,52,200,100,45,109
"1336",31,444,0.9998091,1.0008018,0.99973273,1.0011073,100,200,144,45,109
"1337",31,445,0.9998091,1.0008018,0.99973273,1.0011073,100,200,144,45,109
"1338",31,452,0.9998091,1.0008018,0.99973273,1.0011073,114,200,144,45,109
"1339",31,458,1.0001527,1.0008018,0.9998091,1.0011073,43,200,114,45,109
"1340",31,459,1.0001527,1.0008018,0.99988544,1.0011073,43,208,100,45,109
"1341",31,462,1.0002291,1.0008018,1.0001527,1.0011073,86,208,43,45,109
"1342",31,463,1.0001527,1.0008018,0.99988544,1.0011073,143,208,100,45,109
"1343",31,464,1.0001527,1.0008018,0.9998091,1.0011073,43,208,114,45,109
"1344",31,466,1.0001527,1.0008018,0.9998091,1.0011073,43,208,114,45,109
"1345",31,471,1.0001527,1.0011073,0.99988544,1.0013363,90,10,100,100,109
"1346",31,472,1.0001527,1.0009928,0.9999618,1.0011073,90,42,100,46,109
"1347",31,473,1.0001527,1.0011073,0.99988544,1.0013363,90,46,100,100,109
"1348",31,483,1.0001527,1.0010691,0.99988544,1.0011073,90,29,100,47,109
"1349",31,486,1.0004964,1.0010691,1.0001527,1.0011073,31,105,90,46,109
"1350",31,492,1.0004964,1.0010691,1.0001527,1.0013363,31,105,90,100,109
"1351",31,493,1.0005727,1.0010691,1.0001527,1.0013363,43,95,90,100,109
"1352",31,496,1.0005727,1.0010691,1.0001527,1.0011073,43,95,90,46,109
"1353",31,506,1.0005727,1.0010691,1.0001527,1.0013363,43,95,90,100,109
"1354",31,507,1.0005727,1.0009928,1.0001527,1.0013363,43,10,90,100,109
"1355",31,512,1.0005727,1.0013363,1.0001527,1.0015273,43,100,90,44,109
"1356",31,514,1.0005727,1.0011073,1.0001527,1.0013363,43,46,90,100,109
"1357",31,515,1.0005727,1.0013363,1.0001527,1.0015273,43,100,90,44,109
"1358",31,523,1.0005727,1.0013363,1.0001527,1.0015273,46,100,90,44,109
"1359",31,526,1.0005727,1.0013363,1.0001527,1.0015273,3,100,90,44,109
"1360",31,533,1.0005727,1.0013363,1.0003818,1.0015273,3,100,300,44,109
"1361",31,535,1.0005727,1.0009545,1.0003818,1.0013363,3,20,200,100,109
"1362",31,537,1.0005727,1.0010691,1.0003818,1.0013363,3,100,200,100,109
"1363",31,539,1.0005727,1.0010309,1.0003818,1.0010691,3,20,200,100,109
"1364",31,540,1.0005727,1.0010691,1.0003818,1.0013363,3,100,200,100,109
"1365",31,541,1.0005727,1.0010691,1.0003818,1.0013363,103,100,200,100,109
"1366",31,546,1.0005727,1.0010691,1.0004582,1.0011073,103,100,153,45,109
"1367",31,548,1.000611,1.0010691,1.0005727,1.0013363,10,100,3,100,109
"1368",31,549,1.000611,1.0010691,1.0005727,1.0011073,10,100,3,45,109
"1369",31,553,1.000611,1.0011073,1.0005727,1.0013363,10,45,3,100,109
"1370",31,554,1.000611,1.0011073,1.0005727,1.0013363,110,45,3,100,109
"1371",31,559,1.000611,1.0009928,1.0005727,1.0013363,110,20,3,100,109
"1372",31,560,1.000611,1.0013363,1.0005727,1.0015273,100,100,3,44,109
"1373",31,562,1.0007255,1.0013363,1.000611,1.0015273,58,3,100,44,109
"1374",31,563,1.0009164,1.0013363,1.0007255,1.0015273,100,3,58,44,109
"1375",31,569,1.0007255,1.0013363,1.0006491,1.0015273,58,3,45,44,109
"1376",31,572,1.0009164,1.0013363,1.0007637,1.0015273,10,3,3,44,109
"1377",31,573,1.0007637,1.0013363,1.0006491,1.0015273,3,3,45,44,109
"1378",31,575,1.0009545,1.0013363,1.0007637,1.0015273,10,3,3,44,109
"1379",31,580,1.0007637,1.0012219,1.0006491,1.0013363,3,100,45,3,109
"1380",31,581,1.0007637,1.0011073,1.0004582,1.0011836,3,100,100,6,109
"1381",31,582,1.0007637,1.0011073,1.0004582,1.0013363,3,100,100,3,109
"1382",31,583,1.0007637,1.0009928,1.0004582,1.0011073,3,20,100,100,109
"1383",31,584,1.0007637,1.0009928,1.0004582,1.0015273,3,20,100,44,109
"1384",31,586,1.0004582,1.0010309,1.0003818,1.0015273,100,1,200,44,109
"1385",31,587,1.0004582,1.0010691,1.0003818,1.0015273,100,1,200,44,109
"1386",31,591,1.0004582,1.0010309,1.0003818,1.0010691,100,34,200,1,109
"1387",31,594,1.0004582,1.0010309,1.0003818,1.0010691,100,19,200,1,109
"1388",31,595,1.0004582,1.0010309,1.0003818,1.0015273,100,19,200,44,109
"1389",31,597,1.0004582,1.0010309,1.0003818,1.0015273,100,27,200,44,109
"1390",62,0,0.9998347,1.0004545,0.99971074,1.0005372,100,7,100,46,109
"1391",62,6,0.9998347,1.0004545,0.9996281,1.0005372,101,7,46,46,109
"1392",62,17,0.9998347,1.0004545,0.9996281,1.0005372,106,7,46,46,109
"1393",62,20,0.999876,1.0004545,0.9998347,1.0007437,1,7,205,100,109
"1394",62,23,0.999876,1.0004545,0.9998347,1.0007437,1,5,205,100,109
"1395",62,25,0.999876,1.0004545,0.9998347,1.0004958,1,5,205,45,109
"1396",62,26,0.999876,1.0004545,0.9998347,1.0004958,1,3,205,45,109
"1397",62,27,0.999876,1.0004958,0.9998347,1.0006198,1,45,205,3,109
"1398",62,30,0.999876,1.0006198,0.9998347,1.0007437,1,2,205,100,109
"1399",62,31,0.999876,1.0007437,0.9998347,1.0007851,1,100,205,2,109
"1400",62,35,0.9999587,1.0007437,0.999876,1.0007851,45,100,1,2,109
"1401",62,37,0.9999587,1.0007437,0.999876,1.0008677,45,100,1,67,109
"1402",62,39,1.0002892,1.0007437,0.9999587,1.0008677,1,100,45,67,109
"1403",62,43,1.0002892,1.0007437,0.9999587,1.0008677,1,100,45,67,109
"1404",62,46,1.0002892,1.0007437,0.9999587,1.0008677,1,100,45,67,109
"1405",62,48,1.0002892,1.0005785,0.9999587,1.0007437,1,2,45,100,109
"1406",62,49,1.0002892,1.0007437,0.9999587,1.0008677,1,100,45,67,109
"1407",62,52,1.0002892,1.0005785,0.9999587,1.0007437,1,2,45,100,109
"1408",62,53,1.0002892,1.0007437,0.9999587,1.0008677,1,100,45,67,109
"1409",62,55,1.0002892,1.0005785,0.9999587,1.0007437,1,2,45,100,109
