"","time_id","seconds_in_bucket","bid_price1","ask_price1","bid_price2","ask_price2","bid_size1","ask_size1","bid_size2","ask_size2","stock_id"
"1",5,0,0.9990769,1.0001025,0.99900854,1.0002394,100,7,64,100,100
"2",5,4,0.99921364,1.0001025,0.99914527,1.0002394,300,7,310,100,100
"3",5,5,0.999282,1.0002394,0.99921364,1.0003761,700,201,400,36,100
"4",5,6,0.99948716,1.0007863,0.9994188,1.0008547,100,101,10,50,100
"5",5,7,0.9996239,1.0007863,0.9995555,1.0008547,200,101,100,50,100
"6",5,8,0.9996239,1.0004444,0.9995555,1.0007863,200,1,100,1,100
"7",5,9,1.0000342,1.0008547,0.9995555,1.0011282,34,50,100,1,100
"8",5,10,1.0000342,1.0008547,0.9995555,1.0011282,1,250,100,1,100
"9",5,11,1.0000342,1.0008547,0.9995555,1.0011282,4,251,100,1,100
"10",5,14,1.0000342,1.0008547,0.9995555,1.0011282,1,251,100,1,100
"11",5,15,1.0000342,1.0007863,0.9995555,1.0008547,1,202,100,251,100
"12",5,17,1.0000342,1.0007863,0.9998974,1.0008547,1,102,1,251,100
"13",5,18,1.0000342,1.0007863,0.9998974,1.0008547,1,103,1,251,100
"14",5,19,1.0000342,1.0007863,0.9998974,1.0008547,1,3,1,251,100
"15",5,20,1.0000342,1.0007863,0.9998974,1.0008547,1,4,1,150,100
"16",5,22,1.0000342,1.0007863,0.9998974,1.0008547,1,4,2,250,100
"17",5,23,1.0000342,1.0004444,0.9998974,1.0007863,1,1,2,6,100
"18",5,26,1.0000342,1.0007863,0.9998974,1.0008547,1,118,2,250,100
"19",5,27,1.0000342,1.0003761,0.9998974,1.0004444,2,1,1,4,100
"20",5,28,1.0000342,1.0004444,0.9998974,1.0007863,1,3,2,105,100
"21",5,30,1.0003761,1.0007863,1.0003077,1.0008547,100,5,101,50,100
"22",5,31,1.0003761,1.0011282,1.0003077,1.001265,101,182,101,400,100
"23",5,32,1.0005128,1.0011282,1.0003077,1.001265,201,181,101,400,100
"24",5,33,1.0005128,1.0011282,1.0003077,1.001265,201,181,101,300,100
"25",5,34,1.0005128,1.0011282,1.0004444,1.001265,201,181,20,300,100
"26",5,35,1.0005813,1.0011282,1.0005128,1.0011966,220,181,200,18,100
"27",5,36,1.0005813,1.0011282,1.0003761,1.0011966,1,282,1,18,100
"28",5,37,1.0005813,1.0011282,1.0004444,1.0011966,1,283,1,18,100
"29",5,38,1.0005813,1.0011282,1.0003761,1.0011966,1,284,1,18,100
"30",5,39,1.0005813,1.0011282,1.0005128,1.0011966,1,284,1,18,100
"31",5,40,1.0005813,1.0011282,1.0003761,1.0011966,1,284,3,18,100
"32",5,41,1.0003761,1.0010599,1.0000342,1.0011282,2,100,100,284,100
"33",5,42,1.0003761,1.0010599,1.0000342,1.0011282,1,100,101,284,100
"34",5,43,1.0003761,1.0010599,1.0003077,1.0011282,1,100,1,284,100
"35",5,44,1.0003761,1.0010599,1.0000342,1.0011282,1,100,101,284,100
"36",5,45,1.0003761,1.0010599,1.0003077,1.0011282,1,100,1,284,100
"37",5,46,1.0003761,1.0010599,1.0001025,1.0011282,1,100,22,284,100
"38",5,47,1.0003761,1.0010599,1.0003077,1.0011282,1,13,2,284,100
"39",5,48,1.0003761,1.0010599,1.0003077,1.0011282,1,13,1,285,100
"40",5,49,1.0003761,1.0010599,1.0003077,1.0011282,1,14,1,284,100
"41",5,50,1.0003761,1.0010599,1.0000342,1.0011282,1,119,21,182,100
"42",5,51,1.0003761,1.0010599,1.0000342,1.0011282,1,120,22,181,100
"43",5,52,1.0003761,1.0010599,1.0003077,1.0011282,1,120,1,181,100
"44",5,53,1.0003761,1.0010599,1.0000342,1.0011282,1,120,20,181,100
"45",5,54,1.0004444,1.0010599,1.0000342,1.0011282,2,120,20,181,100
"46",5,55,1.0004444,1.0009915,1.0001025,1.0010599,1,18,1,120,100
"47",5,56,1.0004444,1.0009915,1.000171,1.0010599,1,18,1,120,100
"48",5,57,1.0004444,1.0009232,1.0001025,1.0009915,1,2,20,18,100
"49",5,58,1.0004444,1.0008547,1.000171,1.0009232,1,1,1,1,100
"50",5,59,1.0004444,1.0008547,1.000171,1.0009232,1,1,1,1,100
"51",5,60,1.0004444,1.0009232,1.0001025,1.0009915,3,2,126,18,100
"52",5,62,1.0004444,1.0009232,1.0002394,1.0009915,122,2,101,18,100
"53",5,63,1.0008547,1.0014701,1.0007863,1.0017437,201,1,200,1,100
"54",5,64,1.0009232,1.0017437,1.0008547,1.0020171,201,1,201,1,100
"55",5,65,1.0009915,1.0017437,1.0009232,1.0020171,101,1,202,1,100
"56",5,66,1.0009915,1.0017437,1.0009232,1.0020171,101,1,202,1,100
"57",5,67,1.0009915,1.0016752,1.0009232,1.0017437,101,1,202,1,100
"58",5,69,1.0009915,1.0017437,1.0008547,1.0020171,1,197,101,1,100
"59",5,71,1.0011282,1.0017437,1.0010599,1.0020171,100,97,201,1,100
"60",5,72,1.0009232,1.0016752,1.0008547,1.0020171,1,98,100,1,100
"61",5,73,1.0013334,1.0016752,1.0009915,1.0020171,1,99,1,101,100
"62",5,74,1.0009915,1.0013334,1.0008547,1.0016752,23,97,100,2,100
"63",5,75,1.0009915,1.0013334,1.0008547,1.0016752,23,97,101,2,100
"64",5,76,1.0009915,1.0013334,1.0008547,1.0016752,23,99,101,2,100
"65",5,77,1.0009915,1.001265,1.0008547,1.0013334,23,13,100,1,100
"66",5,78,1.0007863,1.0011282,1.0005813,1.0011966,100,13,200,100,100
"67",5,79,1.0007863,1.0011282,1.0005813,1.0011966,100,13,200,102,100
"68",5,83,1.0007863,1.0011966,1.0005813,1.001265,100,1,200,1,100
"69",5,85,1.0007863,1.0011966,1.0005813,1.001265,100,1,200,3,100
"70",5,86,1.0007863,1.0011966,1.0005813,1.001265,100,1,200,15,100
"71",5,88,1.0005813,1.0011966,1.0005128,1.001265,200,1,1,14,100
"72",5,89,1.0005813,1.001265,1.0005128,1.001607,200,115,1,100,100
"73",5,90,1.0005813,1.0009915,1.0002394,1.001265,200,1,100,14,100
"74",5,91,1.0002394,1.0007863,1.0000342,1.0009915,100,10,100,218,100
"75",5,92,1.0002394,1.0007863,1.0000342,1.0010599,100,118,100,100,100
"76",5,93,1.0002394,1.0007863,1.0000342,1.0010599,200,18,200,100,100
"77",5,94,1.0000342,1.0007863,0.9999658,1.0010599,100,18,100,100,100
"78",5,95,1.0000342,1.0005128,0.9999658,1.0008547,100,119,100,100,100
"79",5,96,1.0000342,1.0005128,0.9995555,1.0008547,100,123,1,100,100
"80",5,99,1.0000342,1.0005128,0.9999658,1.0008547,100,126,18,100,100
"81",5,101,1.0000342,1.0005128,0.9999658,1.0008547,100,126,18,100,100
"82",5,106,1.0000342,1.0015385,0.9999658,1.0017437,100,200,18,200,100
"83",5,107,1.0000342,1.0008547,0.9999658,1.0015385,100,1,18,100,100
"84",5,108,1.0000342,1.0008547,0.9999658,1.0011966,100,3,18,100,100
"85",5,110,1.0000342,1.0008547,0.9999658,1.0011966,100,204,18,100,100
"86",5,114,1.0000342,1.0008547,0.9999658,1.0011966,100,104,18,100,100
"87",5,116,1.0000342,1.0008547,0.9999658,1.0011966,100,204,18,100,100
"88",5,118,1.0000342,1.0008547,0.9999658,1.0011966,1,204,18,100,100
"89",5,119,1.0001025,1.0008547,1.0000342,1.0011966,100,204,105,100,100
"90",5,123,1.000171,1.0008547,1.0001025,1.0011966,200,304,400,100,100
"91",5,125,1.0001025,1.0005128,1.0000342,1.0008547,209,2,1,303,100
"92",5,126,1.0001025,1.0005128,1.0000342,1.0008547,9,209,1,200,100
"93",5,127,1.0000342,1.0005128,0.9999658,1.0008547,1,309,18,100,100
"94",5,129,1.0000342,1.0005128,0.9999658,1.0008547,2,309,18,100,100
"95",5,132,0.9999658,1.0002394,0.9998974,1.0005128,18,100,100,209,100
"96",5,133,0.9998974,1.0002394,0.9995555,1.0005128,100,401,101,7,100
"97",5,134,0.9995555,1.0002394,0.99948716,1.0005128,1,401,1,7,100
"98",5,135,0.9995555,1.0001025,0.99948716,1.0002394,1,305,1,100,100
"99",5,137,0.9995555,1.0001025,0.99948716,1.0002394,1,307,1,100,100
"100",5,138,0.9994188,0.9998974,0.999282,0.9999658,2,200,102,7,100
"101",5,139,0.9994188,0.9998974,0.999282,0.9999658,2,202,2,5,100
"102",5,141,0.9994188,0.9998974,0.999282,0.9999658,58,202,2,5,100
"103",5,142,0.9994188,0.9998974,0.999282,0.9999658,58,402,2,5,100
"104",5,146,0.999282,0.9998974,0.99921364,0.9999658,2,569,101,5,100
"105",5,147,0.99921364,0.9998974,0.9990769,1.0000342,1,475,1,100,100
"106",5,148,0.99921364,0.9996239,0.9990769,0.9998974,1,213,1,273,100
"107",5,149,0.99921364,0.9996239,0.9990769,0.9998974,1,316,1,173,100
"108",5,150,0.999282,0.9998974,0.99921364,0.9999658,11,173,1,100,100
"109",5,152,0.99921364,0.9998974,0.9990769,0.9999658,1,271,1,100,100
"110",5,153,0.99921364,0.9996239,0.9990769,0.9998974,1,7,1,271,100
"111",5,154,0.99921364,0.9998974,0.9990769,0.9999658,1,271,1,100,100
"112",5,156,0.99948716,1.0002394,0.999282,1.0003077,1,100,100,1,100
"113",5,157,0.99948716,1.0002394,0.99921364,1.0003077,1,100,101,1,100
"114",5,158,0.99948716,1.0002394,0.99921364,1.0003077,3,100,101,1,100
"115",5,159,0.99948716,1.0002394,0.99921364,1.0003077,3,101,101,1,100
"116",5,161,0.99948716,1.0002394,0.99921364,1.0003077,2,102,1,1,100
"117",5,163,0.99948716,1.0002394,0.999282,1.0003077,2,102,100,1,100
"118",5,167,0.99948716,1.0002394,0.999282,1.0003077,2,204,100,1,100
"119",5,171,0.99948716,1.000171,0.999282,1.0002394,2,103,100,202,100
"120",5,173,0.99948716,1.000171,0.999282,1.0002394,2,205,100,101,100
"121",5,175,0.99948716,1.0001025,0.999282,1.000171,2,101,100,104,100
"122",5,179,0.99948716,1.0001025,0.999282,1.000171,2,103,100,104,100
"123",5,182,0.99948716,1.0001025,0.999282,1.000171,2,103,100,102,100
"124",5,183,0.99948716,1.0001025,0.999282,1.0002394,2,106,100,100,100
"125",5,184,0.999282,1.0000342,0.99921364,1.0001025,100,2,1,109,100
"126",5,185,0.9993504,1.0000342,0.999282,1.0001025,100,2,104,209,100
"127",5,186,0.999282,1.0000342,0.99921364,1.0001025,104,2,1,209,100
"128",5,187,0.9993504,1.0000342,0.999282,1.0001025,100,2,104,209,100
"129",5,191,0.9997607,1.0003077,0.9996923,1.0005813,1,1,100,1,100
"130",5,192,0.99982905,1.0005813,0.9997607,1.0007863,100,1,2,43,100
"131",5,193,0.9997607,1.0007863,0.9993504,1.0008547,1,43,200,1,100
"132",5,194,0.9997607,1.0007863,0.9993504,1.0008547,1,44,200,1,100
"133",5,198,0.9997607,1.0007863,0.9993504,1.0008547,1,45,200,1,100
"134",5,199,0.99982905,1.0007863,0.9997607,1.0008547,100,146,1,1,100
"135",5,202,0.99982905,1.0007863,0.9993504,1.0008547,101,146,100,1,100
"136",5,205,0.9998974,1.0007863,0.99982905,1.0008547,101,149,101,1,100
"137",5,206,0.9999658,1.0007863,0.9998974,1.0008547,1,148,100,1,100
"138",5,207,0.9998974,1.000718,0.99982905,1.0007863,101,213,101,47,100
"139",5,208,0.99982905,1.000718,0.99948716,1.0007863,102,213,100,47,100
"140",5,209,0.99982905,1.0006496,0.99948716,1.000718,102,101,100,212,100
"141",5,210,0.99982905,1.0005813,0.99948716,1.0006496,102,9,100,1,100
"142",5,211,0.99982905,1.0006496,0.99948716,1.000718,102,110,100,3,100
"143",5,212,1.0003761,1.001265,0.9998974,1.0015385,3,100,100,100,100
"144",5,213,1.0004444,1.001265,1.0003761,1.0015385,201,100,105,100,100
"145",5,214,1.0003761,1.0011966,0.9999658,1.001265,22,1,1,100,100
"146",5,215,1.0004444,1.0009232,1.0003761,1.001265,100,2,24,100,100
"147",5,216,1.0003761,1.0009232,1.0001025,1.001265,25,2,1,100,100
"148",5,217,1.0003761,1.0009232,1.0001025,1.0010599,124,1,1,1,100
"149",5,218,1.0004444,1.0009232,1.0003761,1.0010599,100,1,125,1,100
"150",5,219,1.0003761,1.0009232,1.0001025,1.0010599,122,1,1,1,100
"151",5,220,1.0003761,1.0009232,1.0001025,1.0009915,122,1,1,1,100
"152",5,221,1.0003761,1.0009232,1.0001025,1.0009915,122,1,1,1,100
"153",5,222,1.0004444,1.0009232,1.0003761,1.0009915,100,1,222,1,100
"154",5,223,1.0005813,1.0009915,1.0004444,1.0013334,20,1,108,1,100
"155",5,224,1.0005813,1.0009915,1.0004444,1.0015385,20,6,108,100,100
"156",5,225,1.0009915,1.0015385,1.0009232,1.001607,200,100,129,43,100
"157",5,226,1.0009915,1.0015385,1.0009232,1.001607,108,100,120,43,100
"158",5,227,1.0009915,1.0015385,1.0009232,1.001607,8,103,120,43,100
"159",5,228,1.0009915,1.0015385,1.0009232,1.001607,8,105,121,43,100
"160",5,229,1.0009232,1.0015385,1.0008547,1.001607,121,97,100,43,100
"161",5,230,1.0009232,1.0015385,1.0008547,1.001607,121,98,100,43,100
"162",5,231,1.0009915,1.0015385,1.0009232,1.001607,101,6,220,43,100
"163",5,233,1.0009915,1.0015385,1.0009232,1.001607,1,6,220,43,100
"164",5,235,1.0009232,1.0015385,1.0007863,1.001607,120,6,100,43,100
"165",5,237,1.0009915,1.0015385,1.0009232,1.001607,100,5,222,43,100
"166",5,238,1.0009915,1.0015385,1.0009232,1.001607,100,2,222,43,100
"167",5,241,1.0009915,1.0015385,1.0009232,1.001607,100,2,122,43,100
"168",5,243,1.0009915,1.001607,1.0009232,1.0017437,100,143,122,1,100
"169",5,245,1.0009915,1.001607,1.0009232,1.0017437,200,143,122,1,100
"170",5,246,1.001265,1.0018804,1.0009915,1.0020171,100,152,200,1,100
"171",5,247,1.001265,1.0018804,1.0009915,1.0020171,102,152,200,1,100
"172",5,249,1.0013334,1.0018804,1.001265,1.0020171,100,152,123,1,100
"173",5,250,1.0016752,1.0022907,1.0015385,1.0025642,100,23,20,200,100
"174",5,252,1.0016752,1.0022907,1.0015385,1.0025642,101,23,20,200,100
"175",5,253,1.0018804,1.0025642,1.0016752,1.0027009,20,300,201,1,100
"176",5,254,1.0018804,1.0025642,1.0017437,1.0027009,20,301,1,1,100
"177",5,255,1.0018804,1.0025642,1.0016752,1.0027009,20,302,100,1,100
"178",5,258,1.0018804,1.0025642,1.0016752,1.0027009,20,302,103,1,100
"179",5,259,1.0018804,1.0025642,1.0016752,1.0027009,20,303,203,1,100
"180",5,260,1.0018804,1.0025642,1.0016752,1.0027009,20,308,203,1,100
"181",5,264,1.0018804,1.0025642,1.0016752,1.0027009,20,408,203,1,100
"182",5,265,1.0018804,1.0025642,1.001812,1.0027009,20,408,1,1,100
"183",5,266,1.0024275,1.003248,1.0022907,1.0033164,20,35,100,100,100
"184",5,267,1.0022907,1.0026326,1.0016752,1.0031112,102,1,276,100,100
"185",5,268,1.0019488,1.0025642,1.0016752,1.0026326,150,103,200,1,100
"186",5,269,1.0019488,1.0025642,1.0016752,1.0029745,150,106,100,100,100
"187",5,270,1.0019488,1.0025642,1.0016752,1.0029745,153,106,100,100,100
"188",5,271,1.0019488,1.0025642,1.001607,1.0029745,103,118,100,100,100
"189",5,273,1.0022223,1.0025642,1.0019488,1.0027009,10,4,100,4,100
"190",5,274,1.0019488,1.0025642,1.0018804,1.0027009,100,4,20,8,100
"191",5,275,1.0019488,1.0025642,1.0018804,1.0026326,53,4,20,4,100
"192",5,276,1.0019488,1.0025642,1.0018804,1.0026326,53,4,20,4,100
"193",5,277,1.002359,1.0029745,1.0019488,1.0031112,20,1,7,100,100
"194",5,278,1.002359,1.0031112,1.0021539,1.0033847,20,27,200,100,100
"195",5,279,1.002359,1.0031112,1.0021539,1.0033847,120,27,200,102,100
"196",5,280,1.002359,1.0031112,1.0021539,1.0033847,20,9,200,102,100
"197",5,281,1.002359,1.0031112,1.0021539,1.0033847,70,9,207,102,100
"198",5,282,1.002359,1.0031112,1.0021539,1.0033164,20,9,207,1,100
"199",5,283,1.002359,1.003248,1.0021539,1.0033847,120,296,207,102,100
"200",5,285,1.002359,1.003248,1.0021539,1.0033847,70,296,207,102,100
"201",5,286,1.002359,1.0027694,1.0021539,1.0031112,20,195,107,100,100
"202",5,287,1.002359,1.0027694,1.0021539,1.0029745,20,295,217,1,100
"203",5,289,1.002359,1.0027694,1.0021539,1.0029745,20,395,217,1,100
"204",5,291,1.002359,1.0027694,1.0021539,1.0029745,20,397,217,1,100
"205",5,292,1.002359,1.0027694,1.0021539,1.0029745,20,399,217,1,100
"206",5,295,1.002359,1.0027694,1.0021539,1.0029745,20,400,223,1,100
"207",5,296,1.002359,1.0027694,1.0021539,1.0029745,20,400,224,1,100
"208",5,297,1.002359,1.0027694,1.0021539,1.0029745,20,400,324,1,100
"209",5,298,1.0022223,1.0031112,1.0021539,1.0031796,4,100,206,33,100
"210",5,299,1.0022223,1.0031796,1.0021539,1.0033164,104,133,106,3,100
"211",5,300,1.0022223,1.0031796,1.0021539,1.0033164,104,233,106,3,100
"212",5,302,1.0022223,1.0031796,1.0021539,1.0033847,104,236,106,100,100
"213",5,303,1.0022223,1.0031796,1.0021539,1.0033847,104,237,106,100,100
"214",5,304,1.0022223,1.0027009,1.0021539,1.0029745,4,51,6,1,100
"215",5,305,1.0022223,1.0027009,1.0021539,1.0029745,4,51,206,1,100
"216",5,307,1.0021539,1.0024275,1.0018804,1.0027009,206,10,100,1,100
"217",5,308,1.0021539,1.0024275,1.0019488,1.0027009,206,10,200,1,100
"218",5,309,1.0021539,1.0024275,1.0019488,1.0027009,211,10,200,1,100
"219",5,311,1.001607,1.0020856,1.0015385,1.0021539,201,110,1,200,100
"220",5,312,1.001607,1.0020171,1.0015385,1.0021539,101,28,1,100,100
"221",5,313,1.0016752,1.0027009,1.001607,1.0028377,100,3,101,100,100
"222",5,314,1.001607,1.0027009,1.0015385,1.0029745,201,3,1,1,100
"223",5,315,1.001607,1.0025642,1.0015385,1.0026326,101,200,1,333,100
"224",5,316,1.0014701,1.0022907,1.0013334,1.002359,1,300,1,300,100
"225",5,317,1.0014701,1.0022907,1.0013334,1.002359,1,300,1,200,100
"226",5,321,1.0015385,1.0024958,1.0014701,1.0025642,200,300,40,300,100
"227",5,322,1.0015385,1.0022907,1.0014701,1.002359,100,200,40,133,100
"228",5,323,1.0015385,1.0022907,1.0014701,1.002359,100,200,40,100,100
"229",5,324,1.0015385,1.0022907,1.0014701,1.002359,100,1,40,100,100
"230",5,325,1.0015385,1.0022907,1.0014701,1.002359,100,101,40,100,100
"231",5,326,1.0015385,1.0022907,1.0014701,1.002359,100,132,40,100,100
"232",5,327,1.0015385,1.0022907,1.0014701,1.002359,100,281,40,100,100
"233",5,332,1.0016752,1.0022907,1.0014701,1.002359,50,282,40,100,100
"234",5,334,1.0020171,1.0031112,1.0014701,1.0031796,20,300,140,103,100
"235",5,335,1.0020856,1.0031112,1.0020171,1.0031796,1,300,20,103,100
"236",5,336,1.0020856,1.0028377,1.0020171,1.0031112,1,333,20,100,100
"237",5,337,1.0020856,1.0028377,1.0020171,1.0031112,1,300,20,100,100
"238",5,340,1.0020856,1.0027694,1.0020171,1.0028377,1,50,20,201,100
"239",5,343,1.0020856,1.0027694,1.0020171,1.0028377,2,3,20,101,100
"240",5,344,1.0020856,1.0027694,1.0016752,1.0028377,2,3,200,101,100
"241",5,345,1.0021539,1.0024958,1.0016752,1.0027694,101,42,100,3,100
"242",5,346,1.0022907,1.0027694,1.0022223,1.0028377,100,3,220,1,100
"243",5,347,1.0022907,1.0027694,1.0022223,1.0028377,100,4,220,1,100
"244",5,349,1.0022907,1.0027694,1.0022223,1.0029061,100,4,220,1,100
"245",5,350,1.0022223,1.0027694,1.0021539,1.0029061,20,4,101,1,100
"246",5,351,1.0022223,1.0027694,1.0021539,1.0028377,20,4,101,17,100
"247",5,352,1.0022223,1.0027694,1.0021539,1.0028377,20,110,101,2,100
"248",5,354,1.0022223,1.0027694,1.0021539,1.0028377,20,107,101,2,100
"249",5,355,1.0022223,1.0027694,1.0021539,1.0028377,20,105,101,2,100
"250",5,356,1.0022223,1.0027694,1.0021539,1.0028377,21,106,101,2,100
"251",5,357,1.0022907,1.0027694,1.0022223,1.0028377,200,106,121,2,100
"252",5,358,1.0024958,1.0027694,1.0024275,1.0028377,400,5,20,2,100
"253",5,360,1.0024958,1.0027694,1.0024275,1.0028377,400,4,20,2,100
"254",5,361,1.0022223,1.0025642,1.0021539,1.0027009,1,2,100,200,100
"255",5,362,1.0022223,1.0025642,1.0021539,1.0027009,1,1,100,3,100
"256",5,366,1.0022223,1.0027009,1.0021539,1.0028377,1,3,100,5,100
"257",5,367,1.0022223,1.0027009,1.0021539,1.0028377,101,4,100,4,100
"258",5,369,1.0022907,1.0027009,1.0022223,1.0028377,100,4,101,4,100
"259",5,370,1.0025642,1.003248,1.0022907,1.0033164,100,223,200,100,100
"260",5,371,1.0025642,1.003248,1.0022907,1.0033164,100,223,100,100,100
"261",5,373,1.0025642,1.003248,1.0022907,1.0033164,100,424,100,100,100
"262",5,374,1.0022223,1.0026326,1.0020856,1.0031796,101,52,1,233,100
"263",5,375,1.0018804,1.0024275,1.0014701,1.0026326,100,8,101,100,100
"264",5,376,1.0018804,1.0024275,1.0014701,1.0029061,100,14,101,1,100
"265",5,377,1.0018804,1.0024275,1.0014701,1.0029061,100,8,101,1,100
"266",5,378,1.0018804,1.0024275,1.0014701,1.0026326,100,8,101,1,100
"267",5,380,1.0018804,1.0024275,1.0014701,1.0025642,100,8,101,3,100
"268",5,382,1.0019488,1.0024275,1.0018804,1.0025642,100,8,100,3,100
"269",5,383,1.0018804,1.0024275,1.0014701,1.0026326,100,11,101,3,100
"270",5,384,1.0019488,1.0024275,1.0018804,1.0025642,100,8,100,18,100
"271",5,386,1.0019488,1.0025642,1.0018804,1.0026326,100,107,100,7,100
"272",5,387,1.0019488,1.0025642,1.0018804,1.0026326,100,107,100,4,100
"273",5,388,1.0019488,1.0025642,1.0018804,1.0026326,100,108,100,3,100
"274",5,389,1.0019488,1.0025642,1.0014701,1.0026326,100,10,101,2,100
"275",5,390,1.0019488,1.0025642,1.0014701,1.0026326,100,10,101,3,100
"276",5,391,1.0019488,1.0024958,1.0014701,1.0025642,100,14,101,2,100
"277",5,392,1.001812,1.0024958,1.0015385,1.0025642,100,16,500,3,100
"278",5,393,1.001812,1.0024958,1.0015385,1.0025642,100,13,500,7,100
"279",5,394,1.001812,1.0024958,1.0017437,1.0025642,100,13,20,6,100
"280",5,395,1.0021539,1.0026326,1.0020856,1.0028377,1,5,20,102,100
"281",5,396,1.0021539,1.0026326,1.0020856,1.0028377,1,4,20,103,100
"282",5,397,1.0020856,1.0026326,1.001812,1.0027009,22,4,100,1,100
"283",5,398,1.0022223,1.0026326,1.0021539,1.0027009,221,4,100,10,100
"284",5,399,1.0022223,1.0026326,1.0020856,1.0027009,20,4,2,2,100
"285",5,400,1.0022223,1.0026326,1.0021539,1.0027009,20,4,2,10,100
"286",5,401,1.0022223,1.0026326,1.0021539,1.0027009,20,4,2,11,100
"287",5,402,1.0022223,1.0026326,1.0021539,1.0027009,20,4,2,11,100
"288",5,403,1.0022223,1.0026326,1.0021539,1.0027009,20,4,2,11,100
"289",5,404,1.0022223,1.0026326,1.0020856,1.0027009,20,4,1,10,100
"290",5,405,1.0022223,1.0026326,1.0020856,1.0027009,20,4,1,5,100
"291",5,406,1.0022223,1.0026326,1.0021539,1.0027009,20,4,2,2,100
"292",5,407,1.0020856,1.0025642,1.001812,1.0026326,1,15,101,2,100
"293",5,408,1.0020856,1.0025642,1.001812,1.0026326,1,117,101,1,100
"294",5,411,1.001812,1.002359,1.0017437,1.0025642,101,41,100,106,100
"295",5,412,1.001812,1.002359,1.0017437,1.0025642,101,8,100,115,100
"296",5,413,1.001607,1.0022907,1.0014701,1.0025642,1,327,1,14,100
"297",5,414,1.0017437,1.0022223,1.0015385,1.0022907,201,22,100,101,100
"298",5,415,1.0017437,1.0022223,1.0015385,1.0022907,2,22,100,101,100
"299",5,416,1.001607,1.0022223,1.0015385,1.0022907,201,22,101,101,100
"300",5,417,1.001607,1.0022223,1.0014701,1.0022907,1,24,1,200,100
"301",5,418,1.001607,1.0022223,1.0015385,1.0022907,201,22,1,202,100
"302",5,419,1.0014701,1.0022223,1.0013334,1.0022907,1,232,1,12,100
"303",5,420,1.0015385,1.0022223,1.0014701,1.0022907,1,240,1,10,100
"304",5,421,1.0014701,1.0022223,1.0013334,1.0022907,2,240,1,10,100
"305",5,422,1.0014701,1.0022223,1.0013334,1.0022907,1,340,2,10,100
"306",5,423,1.0014701,1.001812,1.0013334,1.0020856,1,5,1,19,100
"307",5,424,1.0015385,1.0020856,1.0014701,1.0021539,1,21,1,100,100
"308",5,425,1.0014701,1.0020171,1.0013334,1.0021539,1,109,1,100,100
"309",5,426,1.0016752,1.0021539,1.0014701,1.0022223,201,103,2,7,100
"310",5,427,1.0017437,1.0021539,1.0016752,1.0022223,201,103,100,7,100
"311",5,428,1.0016752,1.0021539,1.0014701,1.0022223,1,104,1,6,100
"312",5,429,1.001607,1.0021539,1.0014701,1.0022223,1,104,1,4,100
"313",5,430,1.001607,1.0021539,1.0014701,1.0022223,2,104,1,104,100
"314",5,431,1.001607,1.0021539,1.0014701,1.0022223,2,208,1,100,100
"315",5,433,1.001607,1.0021539,1.0014701,1.0022223,2,211,1,100,100
"316",5,434,1.0015385,1.0021539,1.0014701,1.0022223,101,511,1,100,100
"317",5,436,1.0016752,1.0021539,1.001607,1.0022223,201,511,300,100,100
"318",5,437,1.001607,1.0021539,1.0014701,1.0022907,300,411,1,261,100
"319",5,438,1.001607,1.0021539,1.0014701,1.0022223,300,511,1,100,100
"320",5,439,1.0016752,1.0021539,1.001607,1.0022907,201,408,300,361,100
"321",5,441,1.0016752,1.0021539,1.001607,1.0022907,1,408,300,361,100
"322",5,442,1.001607,1.0021539,1.0014701,1.0022223,300,508,1,100,100
"323",5,443,1.001607,1.0021539,1.0014701,1.0022223,301,508,1,100,100
"324",5,444,1.001607,1.0021539,1.0014701,1.0022223,301,508,1,100,100
"325",5,445,1.0016752,1.0021539,1.001607,1.0022223,201,508,300,100,100
"326",5,446,1.0022223,1.0030428,1.001812,1.0031796,101,101,22,200,100
"327",5,447,1.0022223,1.0030428,1.0018804,1.0033164,101,1,100,1,100
"328",5,448,1.0022223,1.0030428,1.0018804,1.0033164,100,4,200,1,100
"329",5,449,1.0022223,1.0027694,1.0020171,1.0029745,121,2,1,133,100
"330",5,450,1.0022223,1.0027694,1.0018804,1.0029745,101,4,100,100,100
"331",5,451,1.0022223,1.0027694,1.0018804,1.0029745,101,4,100,100,100
"332",5,452,1.0022223,1.0027694,1.001812,1.0029745,101,4,22,200,100
"333",5,453,1.0022223,1.0027694,1.001812,1.0029745,101,4,21,101,100
"334",5,454,1.0022223,1.0027694,1.0021539,1.0029061,101,3,20,1,100
"335",5,456,1.0018804,1.0027009,1.001812,1.0027694,100,201,222,6,100
"336",5,457,1.0020171,1.0027009,1.001812,1.0027694,1,1,221,1,100
"337",5,458,1.0022223,1.0027009,1.0020856,1.0027694,201,3,100,1,100
"338",5,459,1.0020856,1.0027009,1.0018804,1.0027694,1,3,200,1,100
"339",5,460,1.0018804,1.0026326,1.001812,1.0027009,100,9,121,2,100
"340",5,461,1.001812,1.0026326,1.0017437,1.0027009,21,109,18,2,100
"341",5,462,1.0020171,1.0025642,1.0019488,1.0026326,201,100,200,9,100
"342",5,463,1.0019488,1.0025642,1.0018804,1.0026326,100,101,201,3,100
"343",5,464,1.0018804,1.0025642,1.001812,1.0026326,201,102,21,3,100
"344",5,465,1.001812,1.0025642,1.0017437,1.0026326,21,202,18,3,100
"345",5,466,1.001812,1.0024958,1.0017437,1.0025642,21,6,18,201,100
"346",5,467,1.001812,1.0024958,1.0017437,1.0025642,21,7,18,301,100
"347",5,468,1.0020856,1.0027009,1.0019488,1.0027694,1,2,200,1,100
"348",5,469,1.0021539,1.0027009,1.0020856,1.0027694,201,2,100,1,100
"349",5,470,1.0021539,1.0027009,1.0020856,1.0027694,1,2,200,1,100
"350",5,471,1.0021539,1.0027009,1.0020856,1.0027694,222,4,200,1,100
"351",5,472,1.0021539,1.0027009,1.0020856,1.0027694,222,4,102,1,100
"352",5,473,1.0022223,1.0027009,1.0021539,1.0027694,201,4,305,1,100
"353",5,474,1.0022223,1.0027009,1.0021539,1.0027694,1,4,205,1,100
"354",5,475,1.0021539,1.0027009,1.0020856,1.0027694,5,4,101,1,100
"355",5,476,1.0021539,1.0027009,1.0020856,1.0027694,5,104,201,1,100
"356",5,477,1.0020856,1.0027009,1.001812,1.0027694,204,104,21,1,100
"357",5,478,1.0020856,1.0027009,1.0019488,1.0027694,109,105,1,19,100
"358",5,479,1.0020856,1.0027009,1.0019488,1.0027694,109,205,1,19,100
"359",5,480,1.0020856,1.0027009,1.0019488,1.0027694,110,205,1,19,100
"360",5,481,1.0020856,1.0027009,1.0019488,1.0027694,111,205,1,19,100
"361",5,483,1.0020171,1.0027009,1.0019488,1.0027694,1,205,1,19,100
"362",5,484,1.0024275,1.0033164,1.0021539,1.0033847,1,301,400,43,100
"363",5,485,1.0022907,1.003248,1.0022223,1.0033164,201,100,110,101,100
"364",5,486,1.002359,1.003248,1.0022223,1.0033164,1,3,110,101,100
"365",5,487,1.0024275,1.003248,1.002359,1.0033164,201,9,7,201,100
"366",5,488,1.0024275,1.003248,1.002359,1.0033164,201,10,2,201,100
"367",5,489,1.002359,1.003248,1.0022223,1.0033164,3,110,110,101,100
"368",5,490,1.0024275,1.003248,1.002359,1.0033164,201,10,7,201,100
"369",5,491,1.0024958,1.003248,1.0024275,1.0033164,100,110,210,100,100
"370",5,492,1.0024958,1.003248,1.0024275,1.0033164,100,110,210,100,100
"371",5,493,1.0025642,1.003248,1.0024958,1.0033164,101,110,200,100,100
"372",5,495,1.0024958,1.003248,1.0024275,1.0033164,200,110,210,100,100
"373",5,496,1.0024958,1.0031796,1.0024275,1.003248,200,100,210,10,100
"374",5,497,1.0024958,1.0031796,1.0020856,1.003248,212,102,200,9,100
"375",5,498,1.0024958,1.0031796,1.0021539,1.003248,112,105,1,7,100
"376",5,499,1.0024958,1.0031112,1.0021539,1.0031796,112,100,1,105,100
"377",5,500,1.0024958,1.0031112,1.0021539,1.0031796,112,100,1,105,100
"378",5,501,1.0024958,1.0031112,1.0021539,1.0031796,113,100,1,105,100
"379",5,502,1.0024958,1.0031112,1.0024275,1.0031796,113,200,200,105,100
"380",5,504,1.0024958,1.0030428,1.0024275,1.0031112,113,100,200,100,100
"381",5,508,1.0024958,1.0030428,1.0024275,1.0031112,113,201,200,100,100
"382",5,513,1.0025642,1.0030428,1.0024958,1.0031796,201,1,112,200,100
"383",5,514,1.0029745,1.003248,1.0027009,1.0033164,20,1,6,200,100
"384",5,515,1.0029745,1.003248,1.0027009,1.0033164,20,1,6,100,100
"385",5,516,1.0029745,1.003248,1.0027009,1.0033164,20,1,6,200,100
"386",5,518,1.0029745,1.003248,1.0027009,1.0033164,20,1,6,300,100
"387",5,519,1.0027009,1.0031796,1.0025642,1.003248,5,100,111,3,100
"388",5,520,1.0025642,1.003248,1.0024958,1.0033164,1,208,310,100,100
"389",5,521,1.0025642,1.003248,1.0024958,1.0033164,1,208,310,100,100
"390",5,522,1.0025642,1.0031796,1.0024958,1.003248,1,5,310,203,100
"391",5,524,1.0025642,1.003248,1.0024958,1.0033164,1,203,310,100,100
"392",5,525,1.0025642,1.003248,1.0024958,1.0033164,1,103,336,100,100
"393",5,527,1.0025642,1.0031796,1.0024958,1.003248,1,6,336,103,100
"394",5,528,1.0025642,1.003248,1.0024958,1.0033164,1,3,310,200,100
"395",5,531,1.0025642,1.0031796,1.0024958,1.003248,2,8,310,103,100
"396",5,532,1.0025642,1.0031796,1.0024958,1.003248,2,308,410,3,100
"397",5,533,1.0025642,1.0031796,1.0024958,1.003248,2,308,437,4,100
"398",5,534,1.0025642,1.0031796,1.0024958,1.003248,2,308,440,4,100
"399",5,536,1.0025642,1.0031796,1.0024958,1.003248,2,308,458,4,100
"400",5,537,1.0025642,1.0031796,1.0024958,1.003248,2,309,458,4,100
"401",5,545,1.0020856,1.0026326,1.0020171,1.0028377,1,8,100,6,100
"402",5,546,1.0020856,1.002359,1.0020171,1.0026326,1,5,100,111,100
"403",5,548,1.0020171,1.002359,1.001812,1.0026326,100,5,21,211,100
"404",5,549,1.0020171,1.002359,1.001812,1.0026326,101,5,21,211,100
"405",5,550,1.0017437,1.002359,1.001607,1.0024275,24,5,201,100,100
"406",5,551,1.0017437,1.002359,1.001607,1.0024275,124,5,1,101,100
"407",5,552,1.001812,1.002359,1.0017437,1.0024275,100,5,24,101,100
"408",5,553,1.0017437,1.002359,1.0015385,1.0024275,24,5,101,301,100
"409",5,554,1.0017437,1.002359,1.0015385,1.0024275,124,5,1,301,100
"410",5,555,1.0017437,1.002359,1.0015385,1.0024275,24,5,1,305,100
"411",5,556,1.0017437,1.002359,1.0015385,1.0024275,24,5,1,305,100
"412",5,557,1.0017437,1.002359,1.0015385,1.0024275,25,5,1,305,100
"413",5,558,1.0017437,1.002359,1.0015385,1.0024275,25,5,1,305,100
"414",5,560,1.0015385,1.0020856,1.0014701,1.0022907,101,18,201,200,100
"415",5,561,1.0015385,1.001812,1.0014701,1.0020856,1,5,1,21,100
"416",5,562,1.0015385,1.001812,1.0014701,1.0020856,1,5,1,121,100
"417",5,563,1.0015385,1.001812,1.0014701,1.0020856,1,5,1,321,100
"418",5,566,1.001265,1.001607,1.0011966,1.001812,100,2,22,7,100
"419",5,567,1.001265,1.0017437,1.0011966,1.001812,100,110,22,11,100
"420",5,568,1.001265,1.0017437,1.0011966,1.0021539,100,110,21,100,100
"421",5,569,1.001265,1.0017437,1.0011966,1.0021539,100,113,21,100,100
"422",5,570,1.001265,1.0017437,1.0011966,1.0021539,100,313,21,100,100
"423",5,572,1.001265,1.0017437,1.0011966,1.0021539,100,413,21,100,100
"424",5,574,1.001265,1.0017437,1.0011966,1.0020171,100,413,41,4,100
"425",5,575,1.001265,1.0017437,1.0011966,1.0020171,121,413,21,4,100
"426",5,576,1.001265,1.0017437,1.0011966,1.0018804,122,413,21,159,100
"427",5,577,1.001265,1.0017437,1.0011966,1.0018804,222,413,21,159,100
"428",5,578,1.001265,1.0017437,1.0011966,1.0018804,221,413,121,159,100
"429",5,581,1.001265,1.0017437,1.0011966,1.0018804,220,413,121,159,100
"430",5,583,1.001265,1.0017437,1.0011966,1.0018804,220,413,221,159,100
"431",5,584,1.0009232,1.0014018,1.0008547,1.0014701,103,114,200,200,100
"432",5,585,1.000718,1.0014018,1.0006496,1.0016752,2,13,1,4,100
"433",5,586,1.0006496,1.001265,1.0004444,1.0013334,1,105,2,200,100
"434",5,587,1.0006496,1.0011966,1.0004444,1.001265,1,1,2,5,100
"435",5,588,1.0004444,1.0011282,1.0003761,1.0011966,2,200,1,18,100
"436",5,589,1.000171,1.0006496,1.0001025,1.0009232,1,10,1,200,100
"437",5,590,1.0001025,1.0005128,1.0000342,1.0008547,1,18,157,100,100
"438",5,592,1.0000342,1.000718,0.9999658,1.0007863,157,300,102,118,100
"439",5,593,1.0000342,1.0005128,0.9999658,1.000718,157,19,102,300,100
"440",5,594,1.0000342,1.0003077,0.9999658,1.0005128,157,11,102,108,100
"441",5,595,1.0000342,1.0003077,0.9999658,1.0005128,157,11,102,408,100
"442",5,596,1.0000342,1.0005128,0.9999658,1.0008547,157,408,102,100,100
"443",5,597,1.0000342,1.0005128,0.9999658,1.0008547,157,408,102,100,100
"444",11,0,1.0007837,1.0013322,1.0007052,1.0014106,413,10,7,400,100
"445",11,10,1.0007837,1.0013322,1.0007052,1.0014106,413,10,83,400,100
"446",11,13,1.0007837,1.0013322,1.0007052,1.0014106,413,10,83,400,100
"447",11,15,1.0007837,1.0013322,1.0007052,1.0014106,414,10,83,400,100
"448",11,22,1.0007837,1.0013322,1.0007052,1.0014106,314,171,83,400,100
"449",11,23,1.0003918,1.0009403,1.0000783,1.0012538,10,105,6,138,100
"450",11,24,1.0003918,1.0009403,1.0000783,1.0012538,5,116,6,100,100
"451",11,25,1.0003918,1.0009403,1.0000783,1.0012538,5,116,206,100,100
"452",11,26,1.0003918,1.0009403,1.0003134,1.0012538,5,116,45,100,100
"453",11,27,1.0004702,1.0009403,1.0003918,1.0012538,5,111,10,100,100
"454",11,28,1.0003918,1.0009403,1.0003134,1.0012538,5,111,105,100,100
"455",11,29,1.0003918,1.0009403,1.0003134,1.0012538,5,100,5,100,100
"456",11,31,1.0003918,1.0009403,1.0000783,1.0012538,5,100,106,100,100
"457",11,34,1.0003918,1.000862,1.0000783,1.0009403,5,100,106,100,100
"458",11,39,1.0003918,1.000862,1.0003134,1.0009403,5,100,120,100,100
"459",11,42,1.0003918,1.000862,1.0003134,1.0009403,5,102,20,100,100
"460",11,43,1.0003918,1.000862,1.0003134,1.0009403,5,2,20,100,100
"461",11,44,1.0003918,1.0009403,1.0003134,1.0012538,5,100,20,100,100
"462",11,45,1.0003918,1.0009403,1.0003134,1.0012538,117,100,20,100,100
"463",11,46,1.0003918,1.0009403,1.0003134,1.0012538,118,100,20,100,100
"464",11,49,1.0003918,1.0013322,1.0003134,1.0014106,118,160,20,400,100
"465",11,50,1.0003918,1.0012538,1.0003134,1.0013322,118,100,20,160,100
"466",11,53,1.0003918,1.0012538,1.0003134,1.0013322,118,5,20,160,100
"467",11,56,1.0003918,1.0011754,1.0003134,1.0013322,158,5,20,160,100
"468",11,60,1.0003918,1.0011754,1.0003134,1.0013322,158,10,20,160,100
"469",11,62,1.0003918,1.0012538,1.0003134,1.0013322,158,5,20,160,100
"470",11,63,1.0003918,1.0011754,1.0003134,1.0012538,158,5,20,5,100
"471",11,64,1.0003918,1.0010971,1.0003134,1.0013322,158,5,20,160,100
"472",11,66,1.0005486,1.0010971,1.0004702,1.0013322,145,5,65,160,100
"473",11,67,1.0005486,1.0013322,1.0004702,1.0014106,246,160,65,400,100
"474",11,68,1.0005486,1.0013322,1.0004702,1.0014106,246,162,65,400,100
"475",11,71,1.0005486,1.0011754,1.0004702,1.0012538,1,100,60,5,100
"476",11,72,1.0005486,1.0011754,1.0004702,1.0013322,40,5,160,164,100
"477",11,73,1.0005486,1.0011754,1.0004702,1.0013322,42,5,160,164,100
"478",11,74,1.0005486,1.0011754,1.0004702,1.0013322,2,7,160,164,100
"479",11,75,1.0004702,1.0011754,1.0003918,1.0013322,160,8,10,160,100
"480",11,76,1.0005486,1.0011754,1.0004702,1.0013322,5,12,120,160,100
"481",11,77,1.0005486,1.0011754,1.0004702,1.0013322,2,7,225,160,100
"482",11,78,1.0005486,1.0011754,1.0004702,1.0013322,7,12,125,160,100
"483",11,79,1.0005486,1.0011754,1.0004702,1.0013322,6,12,120,160,100
"484",11,83,1.0006269,1.0011754,1.0005486,1.0013322,2,7,6,160,100
"485",11,84,1.0006269,1.0012538,1.0005486,1.0013322,2,100,6,160,100
"486",11,85,1.0006269,1.0012538,1.0005486,1.0013322,1,100,6,160,100
"487",11,87,1.0006269,1.0012538,1.0005486,1.0013322,8,100,6,160,100
"488",11,88,1.0007052,1.0012538,1.0006269,1.0013322,20,100,7,160,100
"489",11,89,1.000862,1.0013322,1.0007052,1.0014106,7,260,20,400,100
"490",11,90,1.000862,1.0013322,1.0007052,1.0014106,6,260,20,400,100
"491",11,92,1.000862,1.0013322,1.0007052,1.0014106,13,260,20,400,100
"492",11,97,1.000862,1.0013322,1.0007052,1.0014106,23,260,20,400,100
"493",11,99,1.000862,1.0013322,1.0007052,1.0014106,23,360,20,400,100
"494",11,109,1.000862,1.0013322,1.0007052,1.0014106,23,260,20,400,100
"495",11,116,1.000862,1.0013322,1.0007837,1.0014106,16,160,7,400,100
"496",11,117,1.000862,1.0013322,1.0007837,1.0014106,6,160,117,400,100
"497",11,118,1.000862,1.0013322,1.0007837,1.0014106,6,160,118,400,100
"498",11,119,1.000862,1.0013322,1.0007837,1.0014106,6,160,18,400,100
"499",11,120,1.000862,1.0013322,1.0007837,1.0014106,6,160,120,400,100
"500",11,121,1.000862,1.0013322,1.0007837,1.0014106,7,160,19,400,100
"501",11,122,1.000862,1.0013322,1.0007837,1.0014106,194,160,7,400,100
"502",11,123,1.000862,1.0014106,1.0007837,1.0014889,194,400,7,104,100
"503",11,124,1.000862,1.0014106,1.0007837,1.0014889,193,400,7,104,100
"504",11,125,1.0009403,1.0014106,1.000862,1.0014889,1,400,195,104,100
"505",11,126,1.0009403,1.0014106,1.000862,1.0014889,3,400,192,104,100
"506",11,127,1.0009403,1.0014106,1.000862,1.0014889,3,400,186,104,100
"507",11,128,1.0009403,1.0014106,1.000862,1.0014889,3,400,186,105,100
"508",11,129,1.0009403,1.0014106,1.000862,1.0014889,187,400,86,105,100
"509",11,130,1.0009403,1.0014106,1.000862,1.0014889,188,400,86,105,100
"510",11,131,1.0009403,1.0014106,1.000862,1.0014889,188,390,186,105,100
"511",11,132,1.0010188,1.0014106,1.0009403,1.0014889,1,468,187,105,100
"512",11,133,1.0010188,1.0014106,1.0009403,1.0014889,3,468,184,105,100
"513",11,135,1.0010188,1.0014106,1.0009403,1.0014889,2,468,110,161,100
"514",11,136,1.0009403,1.0014106,1.000862,1.0014889,84,368,206,161,100
"515",11,138,1.0009403,1.0014106,1.000862,1.0014889,94,468,206,161,100
"516",11,141,1.0009403,1.0014106,1.000862,1.0014889,20,824,106,105,100
"517",11,142,1.0009403,1.0013322,1.000862,1.0014106,21,6,106,724,100
"518",11,143,1.0009403,1.0014106,1.000862,1.0014889,95,824,106,105,100
"519",11,144,1.0009403,1.0014106,1.000862,1.0014889,94,824,106,105,100
"520",11,148,1.0009403,1.0011754,1.000862,1.0014106,94,4,106,824,100
"521",11,149,1.0009403,1.0011754,1.000862,1.0013322,95,4,106,200,100
"522",11,151,1.0009403,1.0011754,1.000862,1.0013322,95,4,106,100,100
"523",11,152,1.0009403,1.0011754,1.000862,1.0013322,95,4,106,360,100
"524",11,155,1.0009403,1.0011754,1.000862,1.0013322,95,4,106,260,100
"525",11,158,1.0009403,1.0011754,1.000862,1.0013322,95,4,106,260,100
"526",11,167,1.0009403,1.0011754,1.000862,1.0013322,95,4,106,260,100
"527",11,173,1.000862,1.0011754,1.0007837,1.0012538,106,200,5,200,100
"528",11,174,1.000862,1.0011754,1.0007837,1.0012538,106,204,5,100,100
"529",11,175,1.0007052,1.0010971,1.0003918,1.0011754,106,100,5,4,100
"530",11,177,1.0007052,1.0010971,1.0003918,1.0011754,103,100,5,4,100
"531",11,178,1.0007052,1.0010971,1.0003918,1.0012538,103,100,5,100,100
"532",11,180,1.0007837,1.0010971,1.0007052,1.0012538,1,140,103,140,100
"533",11,181,1.0007837,1.0010188,1.0007052,1.0012538,23,200,103,140,100
"534",11,183,1.0007837,1.0010188,1.0007052,1.0012538,22,200,100,140,100
"535",11,185,1.0007052,1.0010188,1.0003918,1.0012538,40,200,5,140,100
"536",11,188,1.0007052,1.0010188,1.0003918,1.0012538,40,200,5,100,100
"537",11,194,1.0003918,1.0007052,1.0002351,1.0010188,5,160,1,100,100
"538",11,198,1.0003918,1.0007052,1.0003134,1.0010188,5,160,105,100,100
"539",11,199,1.0003918,1.0007052,1.0003134,1.0010188,5,160,106,100,100
"540",11,204,1.0003918,1.0007052,1.0003134,1.0010188,5,160,146,100,100
"541",11,205,1.0003918,1.0007052,1.0003134,1.0010188,145,160,46,100,100
"542",11,206,1.0003918,1.0007052,1.0003134,1.0010188,145,160,45,100,100
"543",11,208,1.0005486,1.0007052,1.0004702,1.0010188,1,160,40,100,100
"544",11,217,1.0005486,1.0007052,1.0004702,1.000862,1,160,40,104,100
"545",11,218,1.0005486,1.0007052,1.0003918,1.000862,1,160,105,4,100
"546",11,219,1.0005486,1.0007052,1.0003918,1.000862,1,161,105,4,100
"547",11,222,1.0006269,1.000862,1.0005486,1.0010188,100,4,1,100,100
"548",11,223,1.0007837,1.000862,1.0006269,1.0010188,1,4,100,100,100
"549",11,224,1.0007837,1.0010971,1.0007052,1.0012538,1,5,101,153,100
"550",11,227,1.0007837,1.0010971,1.0007052,1.0012538,1,5,1,153,100
"551",11,231,1.0007837,1.0010971,1.0007052,1.0012538,1,9,1,153,100
"552",11,232,1.0007837,1.0010971,1.0005486,1.0012538,1,9,100,153,100
"553",11,233,1.0007837,1.0010971,1.0007052,1.0012538,1,9,101,53,100
"554",11,236,1.0007837,1.0010971,1.0005486,1.0012538,101,9,200,53,100
"555",11,237,1.000862,1.0012538,1.0007837,1.0013322,1,53,100,260,100
"556",11,238,1.0007837,1.0012538,1.0005486,1.0013322,100,53,100,260,100
"557",11,240,1.0007837,1.0012538,1.0005486,1.0013322,100,160,100,340,100
"558",11,242,1.0007837,1.0012538,1.0005486,1.0013322,100,60,100,260,100
"559",11,245,1.0007837,1.0012538,1.0007052,1.0013322,100,60,200,260,100
"560",11,246,1.0007837,1.0012538,1.0007052,1.0013322,100,160,100,260,100
"561",11,247,1.0007837,1.0010971,1.0007052,1.0012538,200,100,100,160,100
"562",11,248,1.0003918,1.0012538,1.0003134,1.0013322,105,353,5,260,100
"563",11,249,1.0004702,1.0012538,1.0003918,1.0013322,100,253,105,260,100
"564",11,252,1.0004702,1.0012538,1.0003918,1.0013322,100,253,105,160,100
"565",11,253,1.0004702,1.0011754,1.0003918,1.0012538,100,7,105,253,100
"566",11,255,1.0003918,1.0011754,1.0003134,1.0012538,105,7,5,253,100
"567",11,256,1.0003918,1.0010971,1.0003134,1.0011754,105,2,5,7,100
"568",11,257,1.0003918,1.0010971,1.0003134,1.0012538,105,9,5,253,100
"569",11,259,1.0003918,1.0010971,1.0003134,1.0012538,5,7,5,253,100
"570",11,260,1.0003918,1.0009403,1.0003134,1.0012538,5,7,5,253,100
"571",11,267,1.0003918,1.0006269,1.0003134,1.0012538,5,7,5,253,100
"572",11,279,1.0003918,1.0006269,1.0003134,1.0012538,5,7,25,253,100
"573",11,280,1.0006269,1.0012538,1.0005486,1.0013322,100,253,20,160,100
"574",11,288,1.0006269,1.0010971,1.0005486,1.0012538,100,100,20,253,100
"575",11,291,1.0005486,1.0010971,1.0003918,1.0012538,20,100,5,253,100
"576",11,300,1.0005486,1.0010971,1.0003918,1.0012538,20,46,5,433,100
"577",11,301,1.0005486,1.0010971,1.0003918,1.0012538,20,6,5,253,100
"578",11,302,1.0005486,1.0010971,1.0003918,1.0012538,21,6,5,253,100
"579",11,306,1.0005486,1.0012538,1.0003918,1.0013322,21,253,5,160,100
"580",11,307,1.0005486,1.0011754,1.0003918,1.0012538,21,6,5,253,100
"581",11,308,1.0005486,1.0011754,1.0003918,1.0012538,1,206,5,153,100
"582",11,309,1.0003918,1.0010971,1.0003134,1.0011754,5,18,6,200,100
"583",11,310,1.0004702,1.0010971,1.0003918,1.0011754,1,18,5,200,100
"584",11,312,1.0003918,1.0010188,1.0003134,1.0010971,5,6,6,12,100
"585",11,314,1.0003918,1.0010188,1.0003134,1.0011754,5,6,6,200,100
"586",11,315,1.0003918,1.0010188,1.0003134,1.0012538,5,16,6,153,100
"587",11,316,1.0004702,1.0010188,1.0003918,1.0012538,1,16,5,153,100
"588",11,318,1.0004702,1.0011754,1.0003918,1.0012538,1,100,5,153,100
"589",11,319,1.0004702,1.0010971,1.0003918,1.0012538,1,8,5,153,100
"590",11,320,1.0004702,1.0010971,1.0003918,1.0012538,1,16,5,153,100
"591",11,321,1.0004702,1.0010971,1.0003918,1.0012538,1,18,5,153,100
"592",11,322,1.0004702,1.0010971,1.0003918,1.0012538,1,18,5,153,100
"593",11,323,1.0004702,1.0010971,1.0003918,1.0012538,2,18,5,153,100
"594",11,324,1.0004702,1.0010971,1.0003918,1.0012538,2,14,5,153,100
"595",11,326,1.0004702,1.0010971,1.0003918,1.0012538,2,16,5,153,100
"596",11,327,1.0004702,1.0011754,1.0003918,1.0012538,1,200,5,153,100
"597",11,328,1.0004702,1.0007052,1.0003918,1.0012538,1,6,5,153,100
"598",11,329,1.0004702,1.0012538,1.0003918,1.0013322,1,253,5,160,100
"599",11,332,1.0003918,1.0011754,1.0003134,1.0012538,5,100,5,153,100
"600",11,333,1.0004702,1.0011754,1.0003918,1.0012538,1,100,5,153,100
"601",11,339,1.0004702,1.0011754,1.0003918,1.0012538,7,100,5,153,100
"602",11,343,1.0004702,1.0011754,1.0003918,1.0012538,1,100,107,153,100
"603",11,345,1.0004702,1.0011754,1.0003918,1.0012538,1,100,7,153,100
"604",11,356,1.0005486,1.0012538,1.0004702,1.0013322,100,53,100,160,100
"605",11,360,1.0005486,1.0012538,1.0004702,1.0013322,100,193,100,340,100
"606",11,362,1.0005486,1.0012538,1.0004702,1.0013322,100,53,100,160,100
"607",11,365,1.0006269,1.0012538,1.0004702,1.0013322,1,48,100,160,100
"608",11,366,1.0006269,1.0012538,1.0004702,1.0013322,2,48,100,160,100
"609",11,367,1.0006269,1.0012538,1.0004702,1.0013322,7,48,206,160,100
"610",11,371,1.0009403,1.0012538,1.000862,1.0013322,1,148,20,160,100
"611",11,372,1.0009403,1.0012538,1.000862,1.0013322,1,148,26,160,100
"612",11,379,1.0009403,1.0012538,1.000862,1.0013322,1,148,26,160,100
"613",11,381,1.0009403,1.0012538,1.000862,1.0013322,1,248,26,160,100
"614",11,386,1.0009403,1.0011754,1.000862,1.0012538,1,4,26,248,100
"615",11,388,1.0009403,1.0012538,1.000862,1.0013322,22,248,6,160,100
"616",11,389,1.0009403,1.0011754,1.000862,1.0012538,22,4,6,248,100
"617",11,390,1.0009403,1.0011754,1.000862,1.0012538,28,5,6,248,100
"618",11,394,1.000862,1.0010971,1.0007052,1.0011754,6,10,100,8,100
"619",11,395,1.000862,1.0011754,1.0007052,1.0012538,6,107,100,48,100
"620",11,398,1.000862,1.0011754,1.0007052,1.0012538,6,107,210,48,100
"621",11,399,1.000862,1.0011754,1.0007837,1.0012538,6,107,40,48,100
"622",11,400,1.0010971,1.0011754,1.0010188,1.0012538,34,107,40,48,100
"623",11,401,1.0012538,1.0014106,1.0010971,1.0014889,110,768,40,165,100
"624",11,402,1.0012538,1.0014106,1.0010971,1.0014889,110,768,140,165,100
"625",11,403,1.0010971,1.0014106,1.000862,1.0014889,40,868,11,165,100
"626",11,404,1.0010971,1.0014106,1.000862,1.0014889,40,869,116,165,100
"627",11,408,1.0010971,1.0014106,1.000862,1.0014889,40,769,116,165,100
"628",11,409,1.0010971,1.0014106,1.000862,1.0014889,40,768,116,165,100
"629",11,414,1.0010971,1.0014106,1.000862,1.0014889,40,769,116,165,100
"630",11,419,1.0010971,1.0014106,1.000862,1.0014889,40,769,111,165,100
"631",11,420,1.0010971,1.0014106,1.000862,1.0014889,40,789,212,245,100
"632",11,426,1.0010971,1.0014106,1.000862,1.0014889,40,788,112,245,100
"633",11,432,1.0010971,1.0014106,1.000862,1.0014889,40,768,112,165,100
"634",11,441,1.0010971,1.0014106,1.000862,1.0014889,40,778,112,165,100
"635",11,442,1.0010971,1.0014106,1.000862,1.0014889,24,778,112,165,100
"636",11,446,1.0010971,1.0014106,1.000862,1.0014889,24,778,12,165,100
"637",11,448,1.0011754,1.0014106,1.000862,1.0014889,22,773,312,165,100
"638",11,450,1.0014106,1.001724,1.0013322,1.0018023,120,1,202,402,100
"639",11,451,1.0015672,1.001724,1.0014106,1.0018023,22,1,101,402,100
"640",11,455,1.0015672,1.001724,1.0014889,1.0018023,28,2,6,402,100
"641",11,464,1.0015672,1.001724,1.0014889,1.0018023,28,1,6,402,100
"642",11,465,1.0015672,1.001724,1.0014889,1.0018023,28,1,12,402,100
"643",11,466,1.0015672,1.0016457,1.0014889,1.0018023,9,1,14,502,100
"644",11,467,1.0015672,1.0016457,1.0014889,1.0018023,17,1,14,502,100
"645",11,468,1.0014106,1.001724,1.0013322,1.0018023,100,233,102,402,100
"646",11,469,1.0013322,1.001724,1.0009403,1.0018023,102,138,102,402,100
"647",11,470,1.0013322,1.001724,1.0009403,1.0018023,102,138,302,402,100
"648",11,474,1.0013322,1.001724,1.0009403,1.0018023,102,138,202,402,100
"649",11,475,1.001724,1.0018023,1.0013322,1.0018808,100,502,302,1002,100
"650",11,476,1.001724,1.0018023,1.0013322,1.0018808,100,502,402,1002,100
"651",11,477,1.001724,1.0018023,1.0013322,1.0018808,100,502,302,1002,100
"652",11,478,1.0014106,1.001724,1.0013322,1.0018023,300,226,302,402,100
"653",11,479,1.0014106,1.001724,1.0013322,1.0018023,100,26,202,400,100
"654",11,480,1.0014106,1.0016457,1.0013322,1.001724,200,6,2,266,100
"655",11,481,1.0014106,1.001724,1.0013322,1.0018023,200,266,2,580,100
"656",11,483,1.0014106,1.0018023,1.0013322,1.0018808,200,680,2,1000,100
"657",11,486,1.0010971,1.0015672,1.0009403,1.0016457,5,100,2,95,100
"658",11,487,1.0010971,1.0015672,1.0009403,1.0016457,5,100,2,95,100
"659",11,488,1.0010971,1.0015672,1.0009403,1.0016457,5,100,102,95,100
"660",11,492,1.0011754,1.0018023,1.0010971,1.0018808,200,680,5,1000,100
"661",11,496,1.0010971,1.0018023,1.0010188,1.0018808,109,780,100,1000,100
"662",11,497,1.0010971,1.0016457,1.0010188,1.0018023,9,106,100,680,100
"663",11,505,1.0010971,1.0016457,1.0010188,1.0018023,9,6,100,680,100
"664",11,507,1.0010971,1.001724,1.0010188,1.0018023,9,205,200,480,100
"665",11,509,1.0010971,1.0016457,1.0009403,1.0018023,9,510,2,480,100
"666",11,511,1.0010971,1.0016457,1.0009403,1.0018023,9,400,2,480,100
"667",11,516,1.0010971,1.0018023,1.0010188,1.0018808,505,780,100,1000,100
"668",11,517,1.0014106,1.0018023,1.0010971,1.0018808,4,780,505,1000,100
"669",11,518,1.0014106,1.0018023,1.0010971,1.0018808,504,680,5,1000,100
"670",11,519,1.0014106,1.0018023,1.0013322,1.0018808,504,680,40,1000,100
"671",11,520,1.0014106,1.0018023,1.0013322,1.0018808,504,595,40,1000,100
"672",11,521,1.0014106,1.0018023,1.0013322,1.0018808,504,500,40,1000,100
"673",11,532,1.0014106,1.0018023,1.0013322,1.0018808,542,500,40,1000,100
"674",11,540,1.0014106,1.001724,1.0013322,1.0018023,542,5,40,440,100
"675",11,555,1.0014106,1.001724,1.0013322,1.0018023,542,205,40,440,100
"676",11,558,1.0014106,1.001724,1.0013322,1.0018023,542,205,40,400,100
"677",11,563,1.0014106,1.001724,1.0011754,1.0018023,142,200,100,400,100
"678",11,564,1.0014106,1.0016457,1.0011754,1.0018023,242,300,100,400,100
"679",11,566,1.0014106,1.0016457,1.0011754,1.0018023,242,300,300,400,100
"680",11,568,1.0014889,1.0016457,1.0014106,1.0018023,1,400,242,400,100
"681",11,574,1.0014106,1.0015672,1.0011754,1.0016457,242,10,200,400,100
"682",11,575,1.0014106,1.0016457,1.0011754,1.0018023,242,400,200,400,100
"683",11,576,1.0014106,1.0016457,1.0011754,1.0018023,242,390,200,400,100
"684",11,581,1.0014106,1.0016457,1.0011754,1.0018023,242,391,200,400,100
"685",11,584,1.0014106,1.0016457,1.0011754,1.0018023,242,390,200,400,100
"686",11,588,1.0014106,1.0018023,1.0011754,1.0018808,246,500,200,1000,100
"687",11,593,1.0014106,1.0018023,1.0011754,1.0018808,246,495,200,1000,100
"688",11,594,1.0014106,1.0018023,1.0011754,1.0018808,246,795,200,1000,100
"689",16,0,1.0012484,1.0018996,1.0011398,1.0021167,500,201,100,120,100
"690",16,2,1.0016825,1.0021167,1.0014654,1.0022253,360,100,20,100,100
"691",16,3,1.0016825,1.0021167,1.0014654,1.0023338,200,200,20,1,100
"692",16,4,1.0016825,1.0021167,1.0015739,1.0023338,100,200,100,1,100
"693",16,5,1.0024424,1.0026594,1.0023338,1.0027679,200,166,100,134,100
"694",16,6,1.0026594,1.0030936,1.0025508,1.0032022,200,200,100,100,100
"695",16,7,1.0026594,1.0030936,1.0025508,1.0033107,300,200,100,100,100
"696",16,8,1.0026594,1.0030936,1.0025508,1.0033107,300,200,100,100,100
"697",16,9,1.0027679,1.0030936,1.0026594,1.0033107,400,200,100,100,100
"698",16,10,1.0027679,1.0030936,1.0025508,1.0033107,300,200,100,20,100
"699",16,12,1.0028765,1.0030936,1.0027679,1.0033107,100,200,200,20,100
"700",16,13,1.0028765,1.0030936,1.0027679,1.0033107,200,200,100,20,100
"701",16,16,1.0029851,1.0030936,1.0028765,1.0032022,5,200,180,200,100
"702",16,18,1.0028765,1.0030936,1.0025508,1.0032022,180,200,100,200,100
"703",16,19,1.0025508,1.0028765,1.0024424,1.0029851,100,400,100,400,100
"704",16,21,1.0021167,1.0026594,1.0018996,1.0027679,20,400,100,253,100
"705",16,22,1.0020082,1.0026594,1.0018996,1.0027679,21,400,100,200,100
"706",16,25,1.0013568,1.0016825,1.0012484,1.001791,100,200,300,100,100
"707",16,26,1.0014654,1.0016825,1.0013568,1.001791,100,100,100,100,100
"708",16,27,1.0014654,1.0016825,1.0013568,1.001791,100,100,100,100,100
"709",16,28,1.0012484,1.0015739,1.0010312,1.0016825,100,221,21,501,100
"710",16,29,1.0012484,1.0014654,1.0010312,1.0015739,100,200,21,21,100
"711",16,30,1.0011398,1.0014654,1.0008141,1.0015739,200,400,21,21,100
"712",16,31,1.0008141,1.0014654,1.0007056,1.0015739,221,200,1,21,100
"713",16,32,1.0010312,1.0015739,1.0008141,1.0016825,221,100,221,601,100
"714",16,33,1.0013568,1.0015739,1.0012484,1.0016825,100,300,100,601,100
"715",16,34,1.0013568,1.0015739,1.0012484,1.0016825,100,200,100,201,100
"716",16,35,1.0014654,1.0016825,1.0012484,1.001791,100,101,100,121,100
"717",16,38,1.0012484,1.0015739,1.0010312,1.0016825,100,100,221,101,100
"718",16,39,1.0012484,1.0015739,1.0010312,1.0016825,100,100,200,101,100
"719",16,43,1.0010312,1.0014654,1.0008141,1.0015739,200,300,221,100,100
"720",16,44,1.0012484,1.0014654,1.0010312,1.0015739,100,300,200,100,100
"721",16,45,1.0008141,1.0013568,1.0007056,1.0014654,400,601,22,100,100
"722",16,46,1.0009227,1.0012484,1.0008141,1.0013568,100,200,300,1,100
"723",16,49,1.0007056,1.0012484,1.000597,1.0013568,1,200,100,1,100
"724",16,50,1.0004885,1.0013568,1.0003799,1.0014654,300,101,21,100,100
"725",16,51,1.0002713,1.000597,1.0001628,1.0009227,1200,100,21,21,100
"726",16,52,1.0004885,1.0009227,1.0003799,1.0013568,2,21,100,101,100
"727",16,53,1.0002713,1.0004885,1.0000542,1.000597,1200,100,100,200,100
"728",16,54,1.0002713,1.0004885,1.0000542,1.000597,1200,100,100,300,100
"729",16,55,1.0003799,1.0004885,1.0002713,1.000597,54,100,1200,200,100
"730",16,56,0.9999457,1.0003799,0.99983716,1.0004885,300,21,500,200,100
"731",16,57,0.9999457,1.0003799,0.99983716,1.0004885,133,121,400,200,100
"732",16,58,0.9999457,1.0003799,0.99983716,1.0004885,33,121,400,200,100
"733",16,59,1.0000542,1.0003799,0.9999457,1.0004885,250,100,63,100,100
"734",16,60,0.9999457,1.0003799,0.99983716,1.0004885,63,200,400,100,100
"735",16,61,0.9999457,1.0002713,0.99983716,1.0003799,30,100,400,200,100
"736",16,62,0.9999457,1.0002713,0.99983716,1.0003799,30,200,400,200,100
"737",16,64,0.9999457,1.0002713,0.99983716,1.0003799,30,200,100,200,100
"738",16,70,0.9999457,1.0002713,0.99983716,1.0003799,30,198,100,200,100
"739",16,71,1.0002713,1.0007056,1.0001628,1.0009227,49,21,600,21,100
"740",16,72,1.0002713,1.0007056,1.0001628,1.0009227,49,21,600,121,100
"741",16,73,1.0002713,1.0007056,1.0001628,1.0009227,49,21,610,221,100
"742",16,74,1.0001628,1.0007056,1.0000542,1.0009227,610,21,100,221,100
"743",16,75,1.0000542,1.0004885,0.9999457,1.000597,200,300,21,100,100
"744",16,77,1.0000542,1.0004885,0.9999457,1.0007056,200,300,21,21,100
"745",16,78,1.0002713,1.0004885,1.0001628,1.000597,50,100,24,21,100
"746",16,79,1.0002713,1.0004885,1.0001628,1.000597,50,100,30,21,100
"747",16,81,1.0002713,1.0004885,1.0001628,1.000597,50,100,21,21,100
"748",16,82,1.0002713,1.0004885,1.0001628,1.000597,150,100,21,21,100
"749",16,83,1.0002713,1.0004885,1.0001628,1.000597,150,100,21,21,100
"750",16,84,1.0002713,1.0004885,1.0001628,1.000597,225,100,21,21,100
"751",16,85,1.0003799,1.0009227,1.0002713,1.0013568,525,21,21,100,100
"752",16,87,1.0008141,1.0013568,1.0007056,1.0014654,325,300,21,21,100
"753",16,88,1.0008141,1.0013568,1.0007056,1.0014654,525,200,21,21,100
"754",16,89,1.0008141,1.0013568,1.0007056,1.0014654,525,100,21,21,100
"755",16,91,1.0008141,1.0014654,1.0007056,1.0015739,325,21,21,100,100
"756",16,96,1.0012484,1.0018996,1.0011398,1.0020082,690,100,100,21,100
"757",16,97,1.0012484,1.0020082,1.0011398,1.0021167,325,153,100,100,100
"758",16,98,1.0012484,1.0021167,1.0011398,1.0022253,325,121,100,21,100
"759",16,103,1.0012484,1.0018996,1.0011398,1.0021167,325,100,100,121,100
"760",16,104,1.0014654,1.0022253,1.0013568,1.0023338,725,21,200,222,100
"761",16,105,1.0014654,1.0023338,1.0013568,1.0025508,725,122,200,201,100
"762",16,106,1.0014654,1.0023338,1.0013568,1.0025508,525,222,200,201,100
"763",16,107,1.0014654,1.0023338,1.0013568,1.0025508,525,222,200,101,100
"764",16,111,1.0014654,1.0023338,1.0013568,1.0025508,625,222,200,101,100
"765",16,115,1.0015739,1.0021167,1.0014654,1.0023338,200,200,100,222,100
"766",16,116,1.0015739,1.0021167,1.0014654,1.0023338,200,100,100,122,100
"767",16,117,1.0015739,1.0021167,1.0014654,1.0022253,210,100,100,21,100
"768",16,118,1.0022253,1.0025508,1.0021167,1.0027679,300,1,21,100,100
"769",16,124,1.0018996,1.0022253,1.001791,1.0024424,21,100,21,1100,100
"770",16,125,1.0018996,1.0023338,1.001791,1.0024424,121,200,21,1000,100
"771",16,128,1.0018996,1.0023338,1.001791,1.0024424,100,300,21,1000,100
"772",16,131,1.0018996,1.0023338,1.001791,1.0024424,200,300,21,1000,100
"773",16,132,1.0012484,1.0013568,1.0011398,1.0014654,3,100,100,1,100
"774",16,133,1.0011398,1.0013568,1.0010312,1.0014654,100,100,21,1,100
"775",16,134,1.0009227,1.0012484,1.0008141,1.0013568,300,100,100,100,100
"776",16,135,1.0008141,1.0011398,1.0007056,1.0012484,121,200,1,200,100
"777",16,136,1.0008141,1.0011398,1.0007056,1.0012484,100,500,22,200,100
"778",16,140,1.0008141,1.0011398,1.0007056,1.0012484,100,500,22,400,100
"779",16,143,1.0008141,1.0011398,1.0007056,1.0012484,100,601,22,400,100
"780",16,144,1.0008141,1.0010312,1.0007056,1.0011398,199,200,22,201,100
"781",16,145,1.0008141,1.0011398,1.0007056,1.0012484,199,201,22,400,100
"782",16,146,1.0007056,1.0010312,1.000597,1.0011398,22,300,21,201,100
"783",16,147,1.0008141,1.0010312,1.0007056,1.0011398,200,100,22,200,100
"784",16,148,1.0009227,1.0012484,1.0008141,1.0013568,100,400,200,200,100
"785",16,150,1.0009227,1.0012484,1.0008141,1.0013568,200,400,200,200,100
"786",16,151,1.0009227,1.0012484,1.0007056,1.0013568,200,400,22,100,100
"787",16,152,1.0009227,1.0012484,1.0007056,1.0013568,200,400,22,200,100
"788",16,153,1.0007056,1.0010312,1.0004885,1.0012484,101,100,308,400,100
"789",16,154,1.0007056,1.0010312,1.0004885,1.0012484,1,100,308,300,100
"790",16,155,1.0007056,1.0010312,1.0004885,1.0012484,101,100,308,300,100
"791",16,156,1.0007056,1.0010312,1.0004885,1.0012484,1,100,308,300,100
"792",16,157,1.0007056,1.0010312,1.0004885,1.0011398,1,100,308,100,100
"793",16,158,1.0007056,1.0010312,1.0004885,1.0011398,101,100,308,100,100
"794",16,159,1.0007056,1.0010312,1.0004885,1.0011398,101,100,200,100,100
"795",16,160,1.0007056,1.0010312,1.0004885,1.0011398,101,100,100,100,100
"796",16,161,1.0007056,1.0010312,1.0004885,1.0011398,101,100,100,100,100
"797",16,162,1.0008141,1.0010312,1.0007056,1.0011398,200,100,101,100,100
"798",16,163,1.0007056,1.0011398,1.0004885,1.0012484,101,201,100,300,100
"799",16,164,1.0007056,1.0011398,1.000597,1.0012484,101,201,5,300,100
"800",16,165,1.0008141,1.0011398,1.0007056,1.0012484,200,201,101,300,100
"801",16,166,1.0010312,1.0012484,1.0009227,1.0013568,200,300,17,200,100
"802",16,167,1.0010312,1.0012484,1.0007056,1.0013568,200,300,101,200,100
"803",16,168,1.0010312,1.0012484,1.0007056,1.0013568,100,400,101,200,100
"804",16,169,1.0009227,1.0012484,1.0007056,1.0013568,21,100,301,200,100
"805",16,170,1.0007056,1.0011398,1.000597,1.0012484,101,300,16,200,100
"806",16,182,1.0007056,1.0011398,1.000597,1.0012484,101,300,13,200,100
"807",16,185,1.0007056,1.0011398,1.000597,1.0012484,101,300,13,100,100
"808",16,186,1.0008141,1.0011398,1.0007056,1.0012484,200,100,101,100,100
"809",16,187,1.0008141,1.0012484,1.0007056,1.0013568,200,100,101,300,100
"810",16,188,1.0010312,1.0012484,1.0009227,1.0013568,100,100,100,300,100
"811",16,189,1.0010312,1.0012484,1.0009227,1.0013568,100,100,100,300,100
"812",16,190,1.0011398,1.0013568,1.0009227,1.0014654,100,161,21,1,100
"813",16,191,1.0009227,1.0013568,1.0007056,1.0014654,121,20,101,1,100
"814",16,192,1.0010312,1.0013568,1.0009227,1.0014654,500,20,221,22,100
"815",16,193,1.0008141,1.0011398,1.0007056,1.0012484,100,10,101,21,100
"816",16,194,1.0008141,1.0011398,1.0007056,1.0012484,100,110,101,21,100
"817",16,195,1.0010312,1.0014654,1.0009227,1.0015739,200,22,400,21,100
"818",16,196,1.0010312,1.0013568,1.0008141,1.0014654,200,100,100,22,100
"819",16,197,1.0011398,1.0014654,1.0010312,1.0015739,300,22,100,21,100
"820",16,198,1.0015739,1.0020082,1.0014654,1.0021167,200,200,21,21,100
"821",16,199,1.0015739,1.0021167,1.0014654,1.0022253,200,221,21,200,100
"822",16,200,1.0012484,1.0018996,1.0011398,1.0021167,221,500,21,221,100
"823",16,201,1.0013568,1.0018996,1.0012484,1.0021167,200,300,221,221,100
"824",16,202,1.0013568,1.0018996,1.0012484,1.0021167,100,200,221,221,100
"825",16,203,1.0013568,1.0018996,1.0012484,1.0021167,100,400,100,221,100
"826",16,204,1.0013568,1.0018996,1.0012484,1.0021167,100,300,100,221,100
"827",16,205,1.0013568,1.0018996,1.0012484,1.0021167,200,300,100,221,100
"828",16,206,1.0014654,1.0018996,1.0012484,1.0021167,100,400,100,221,100
"829",16,207,1.0014654,1.0018996,1.0012484,1.0021167,200,700,100,221,100
"830",16,208,1.0014654,1.0018996,1.0012484,1.0021167,194,500,100,221,100
"831",16,209,1.0014654,1.0018996,1.0013568,1.0021167,194,500,4,221,100
"832",16,210,1.0014654,1.0018996,1.0013568,1.0021167,194,500,21,221,100
"833",16,213,1.0011398,1.0014654,1.0009227,1.0016825,100,200,21,221,100
"834",16,214,1.0009227,1.0014654,1.0008141,1.0016825,221,200,100,21,100
"835",16,215,1.0011398,1.0014654,1.0009227,1.0016825,300,200,221,21,100
"836",16,216,1.0011398,1.0014654,1.0009227,1.0016825,100,200,221,21,100
"837",16,217,1.0011398,1.0014654,1.0009227,1.0016825,100,202,221,21,100
"838",16,218,1.0011398,1.0018996,1.0010312,1.0021167,200,100,421,221,100
"839",16,219,1.0014654,1.0018996,1.0011398,1.0021167,100,100,200,221,100
"840",16,220,1.0014654,1.001791,1.0011398,1.0021167,100,300,200,221,100
"841",16,221,1.0014654,1.001791,1.0011398,1.0021167,300,100,300,221,100
"842",16,222,1.0014654,1.001791,1.0011398,1.0021167,100,100,300,221,100
"843",16,223,1.0011398,1.001791,1.0010312,1.0021167,300,100,221,221,100
"844",16,224,1.0010312,1.0014654,1.0009227,1.0015739,100,100,100,300,100
"845",16,225,1.0009227,1.0014654,1.0008141,1.0015739,321,100,100,300,100
"846",16,226,1.0009227,1.0014654,1.0008141,1.0015739,521,100,100,300,100
"847",16,227,1.0009227,1.0014654,1.0008141,1.0021167,300,100,100,221,100
"848",16,228,1.0009227,1.0013568,1.0008141,1.0014654,200,300,100,100,100
"849",16,229,1.0010312,1.0013568,1.0009227,1.0018996,200,200,100,100,100
"850",16,230,1.0010312,1.0012484,1.0009227,1.0013568,200,200,100,200,100
"851",16,231,1.0010312,1.0012484,1.0009227,1.0013568,100,300,100,100,100
"852",16,234,1.0009227,1.0011398,1.0008141,1.0012484,200,200,100,100,100
"853",16,235,1.0009227,1.0011398,1.0008141,1.0012484,100,200,100,100,100
"854",16,236,1.0009227,1.0012484,1.0008141,1.0013568,100,100,100,100,100
"855",16,238,1.0010312,1.0013568,1.0009227,1.0014654,200,100,100,21,100
"856",16,239,1.0011398,1.0016825,1.0010312,1.001791,200,200,100,100,100
"857",16,240,1.0011398,1.0016825,1.0010312,1.0021167,200,200,100,242,100
"858",16,246,1.0009227,1.0013568,1.0008141,1.0016825,300,101,100,21,100
"859",16,247,1.0011398,1.0013568,1.0009227,1.0016825,200,101,300,21,100
"860",16,248,1.0011398,1.0013568,1.0009227,1.0016825,200,101,300,21,100
"861",16,249,1.0011398,1.0013568,1.0009227,1.0016825,100,101,300,21,100
"862",16,250,1.0011398,1.0013568,1.0009227,1.0015739,100,101,300,21,100
"863",16,251,1.0011398,1.0013568,1.0009227,1.0015739,200,101,300,21,100
"864",16,252,1.0011398,1.0016825,1.0009227,1.0020082,100,21,300,100,100
"865",16,253,1.0011398,1.0016825,1.0009227,1.0020082,100,21,300,100,100
"866",16,254,1.0011398,1.0013568,1.0009227,1.0014654,200,100,300,21,100
"867",16,255,1.0011398,1.0016825,1.0009227,1.0021167,100,21,300,342,100
"868",16,256,1.0011398,1.0016825,1.0009227,1.0021167,200,21,300,342,100
"869",16,257,1.0009227,1.0013568,1.0008141,1.0014654,300,100,100,9,100
"870",16,258,1.0009227,1.0013568,1.0008141,1.0014654,100,21,100,9,100
"871",16,259,1.0009227,1.0012484,1.0008141,1.0013568,100,200,100,21,100
"872",16,262,1.0012484,1.0013568,1.0009227,1.0014654,100,100,200,9,100
"873",16,263,1.0013568,1.0016825,1.0012484,1.0021167,100,21,101,342,100
"874",16,264,1.0013568,1.0016825,1.0012484,1.0021167,100,21,22,342,100
"875",16,265,1.0012484,1.0014654,1.0011398,1.0015739,1,100,21,100,100
"876",16,266,1.0012484,1.0014654,1.0011398,1.0015739,1,100,121,21,100
"877",16,267,1.0011398,1.0013568,1.0009227,1.0014654,100,200,100,100,100
"878",16,268,1.0014654,1.0020082,1.0013568,1.0021167,200,121,21,342,100
"879",16,269,1.0014654,1.0018996,1.0013568,1.0020082,200,53,20,121,100
"880",16,270,1.0012484,1.001791,1.0011398,1.0018996,100,300,121,53,100
"881",16,271,1.0012484,1.001791,1.0011398,1.0020082,200,200,121,121,100
"882",16,272,1.0013568,1.001791,1.0012484,1.0020082,200,200,300,121,100
"883",16,273,1.0015739,1.0018996,1.0014654,1.0020082,200,100,100,21,100
"884",16,274,1.0015739,1.0018996,1.0014654,1.0020082,300,100,100,21,100
"885",16,275,1.0015739,1.001791,1.0014654,1.0018996,100,100,100,22,100
"886",16,276,1.0015739,1.001791,1.0014654,1.0018996,100,10,100,22,100
"887",16,277,1.0015739,1.001791,1.0012484,1.0018996,100,10,300,22,100
"888",16,279,1.0015739,1.0018996,1.0013568,1.0020082,200,22,21,21,100
"889",16,280,1.0015739,1.0018996,1.0014654,1.0020082,200,22,21,21,100
"890",16,281,1.0016825,1.0018996,1.0015739,1.0020082,200,1,200,21,100
"891",16,282,1.0015739,1.0018996,1.0013568,1.0020082,200,201,21,21,100
"892",16,283,1.0015739,1.0018996,1.0014654,1.0020082,200,301,21,21,100
"893",16,287,1.0015739,1.0018996,1.0013568,1.0020082,200,301,21,21,100
"894",16,288,1.0015739,1.0018996,1.0013568,1.0020082,200,422,21,21,100
"895",16,292,1.0012484,1.0015739,1.0008141,1.0016825,100,200,201,200,100
"896",16,293,1.0011398,1.0015739,1.0008141,1.0018996,200,200,101,422,100
"897",16,294,1.0012484,1.0015739,1.0011398,1.0016825,15,100,100,21,100
"898",16,295,1.0013568,1.001791,1.0012484,1.0018996,100,121,15,322,100
"899",16,296,1.0012484,1.0016825,1.0011398,1.001791,21,200,400,21,100
"900",16,297,1.0012484,1.0015739,1.0011398,1.0016825,4,300,400,200,100
"901",16,298,1.0011398,1.0015739,1.0009227,1.0016825,400,400,100,100,100
"902",16,299,1.0011398,1.0014654,1.0009227,1.0015739,300,200,100,200,100
"903",16,300,1.0011398,1.0014654,1.0008141,1.0015739,300,100,201,200,100
"904",16,301,1.0011398,1.0015739,1.0008141,1.0016825,300,200,201,100,100
"905",16,303,1.0011398,1.0015739,1.0009227,1.0016825,300,200,100,100,100
"906",16,305,1.0011398,1.0015739,1.0009227,1.0016825,300,400,100,100,100
"907",16,306,1.0011398,1.0015739,1.0009227,1.0016825,300,400,100,100,100
"908",16,309,1.0011398,1.0015739,1.0009227,1.0016825,300,300,100,100,100
"909",16,310,1.0012484,1.0015739,1.0011398,1.0016825,200,184,300,100,100
"910",16,312,1.0012484,1.0015739,1.0011398,1.0016825,300,184,300,100,100
"911",16,315,1.0012484,1.0015739,1.0011398,1.0016825,200,184,300,100,100
"912",16,317,1.0012484,1.0015739,1.0011398,1.001791,100,86,300,21,100
"913",16,318,1.0014654,1.001791,1.0013568,1.0018996,100,3,300,321,100
"914",16,319,1.0015739,1.0016825,1.0014654,1.001791,101,100,21,6,100
"915",16,320,1.0015739,1.0016825,1.0014654,1.0018996,1,100,100,321,100
"916",16,321,1.0015739,1.0016825,1.0014654,1.0018996,1,300,100,321,100
"917",16,322,1.0014654,1.0016825,1.0013568,1.001791,1,300,100,21,100
"918",16,323,1.0012484,1.0015739,1.0011398,1.0016825,100,100,300,200,100
"919",16,324,1.0011398,1.0015739,1.0008141,1.0016825,300,100,201,200,100
"920",16,325,1.0011398,1.0015739,1.0008141,1.0016825,300,200,201,200,100
"921",16,326,1.0011398,1.0015739,1.0008141,1.0016825,100,200,201,200,100
"922",16,328,1.0012484,1.0016825,1.0011398,1.001791,300,300,100,21,100
"923",16,329,1.0012484,1.0016825,1.0011398,1.001791,100,400,100,21,100
"924",16,330,1.0011398,1.0016825,1.0008141,1.001791,100,400,201,21,100
"925",16,332,1.0011398,1.0016825,1.0008141,1.001791,200,400,201,21,100
"926",16,333,1.0011398,1.0016825,1.0008141,1.001791,200,400,201,21,100
"927",16,334,1.0012484,1.0016825,1.0011398,1.001791,453,400,200,21,100
"928",16,335,1.0012484,1.0016825,1.0011398,1.001791,400,400,200,21,100
"929",16,336,1.0011398,1.0016825,1.0008141,1.001791,200,400,201,21,100
"930",16,337,1.0011398,1.0016825,1.0009227,1.001791,200,400,100,21,100
"931",16,338,1.0013568,1.0015739,1.0012484,1.0016825,1,100,200,400,100
"932",16,339,1.0014654,1.0016825,1.0013568,1.0018996,200,199,22,121,100
"933",16,342,1.0014654,1.0016825,1.0013568,1.0018996,200,199,4,100,100
"934",16,343,1.0015739,1.0016825,1.0014654,1.0018996,20,199,100,100,100
"935",16,344,1.0015739,1.0016825,1.0014654,1.0018996,20,28,100,100,100
"936",16,346,1.0015739,1.0016825,1.0014654,1.0020082,20,100,100,121,100
"937",16,347,1.0014654,1.0016825,1.0011398,1.001791,200,100,100,21,100
"938",16,348,1.0014654,1.0016825,1.0013568,1.0020082,340,100,21,121,100
"939",16,349,1.0014654,1.0016825,1.0013568,1.001791,240,100,21,21,100
"940",16,350,1.0014654,1.0016825,1.0010312,1.001791,240,200,100,2,100
"941",16,351,1.0014654,1.0016825,1.0010312,1.001791,240,300,100,2,100
"942",16,352,1.0014654,1.0016825,1.0010312,1.001791,240,200,100,2,100
"943",16,353,1.0011398,1.0014654,1.0010312,1.0015739,200,200,100,100,100
"944",16,354,1.0010312,1.0014654,1.0009227,1.0015739,100,200,21,100,100
"945",16,356,1.0011398,1.0015739,1.0010312,1.0016825,200,200,100,100,100
"946",16,357,1.0010312,1.0014654,1.0009227,1.0016825,100,121,11,100,100
"947",16,358,1.0009227,1.0014654,1.0008141,1.0016825,11,200,101,100,100
"948",16,359,1.0011398,1.0015739,1.0009227,1.0016825,300,101,11,100,100
"949",16,360,1.0010312,1.0014654,1.0009227,1.0015739,200,301,11,21,100
"950",16,362,1.0010312,1.0014654,1.0009227,1.0015739,100,301,11,21,100
"951",16,364,1.0010312,1.0012484,1.0009227,1.0014654,100,101,11,100,100
"952",16,365,1.0010312,1.0012484,1.0009227,1.0015739,100,201,11,21,100
"953",16,366,1.0010312,1.0012484,1.0008141,1.0013568,100,201,101,15,100
"954",16,367,1.0008141,1.0011398,1.0007056,1.0012484,101,201,22,200,100
"955",16,368,1.0008141,1.0011398,1.0007056,1.0012484,101,301,22,200,100
"956",16,369,1.0009227,1.0011398,1.0008141,1.0012484,100,301,101,200,100
"957",16,370,1.0008141,1.0011398,1.0007056,1.0012484,101,101,22,200,100
"958",16,375,1.0009227,1.0012484,1.0008141,1.0015739,300,100,101,221,100
"959",16,376,1.0009227,1.0012484,1.0008141,1.0015739,300,101,101,121,100
"960",16,377,1.0009227,1.0012484,1.0008141,1.0015739,105,101,101,121,100
"961",16,378,1.0009227,1.0012484,1.0008141,1.0015739,100,101,101,121,100
"962",16,379,1.0008141,1.0012484,1.0007056,1.0015739,101,101,22,121,100
"963",16,380,1.0008141,1.0012484,1.0007056,1.0015739,101,101,22,121,100
"964",16,382,1.0008141,1.0011398,1.0007056,1.0012484,101,200,22,101,100
"965",16,383,1.0008141,1.0011398,1.0007056,1.0012484,101,100,22,101,100
"966",16,384,1.0009227,1.0011398,1.0008141,1.0012484,100,200,101,22,100
"967",16,385,1.0007056,1.0011398,1.000597,1.0012484,222,200,21,22,100
"968",16,386,1.0007056,1.0011398,1.000597,1.0012484,122,200,21,22,100
"969",16,387,1.0008141,1.0011398,1.0007056,1.0012484,100,200,22,1,100
"970",16,388,1.0008141,1.0011398,1.0007056,1.0012484,100,200,22,6,100
"971",16,389,1.0011398,1.0012484,1.0009227,1.0014654,100,201,21,100,100
"972",16,390,1.0008141,1.0010312,1.0007056,1.0012484,100,200,22,1,100
"973",16,391,1.0008141,1.0010312,1.0007056,1.0012484,100,300,22,1,100
"974",16,392,1.0008141,1.0010312,1.0007056,1.0011398,100,300,1,17,100
"975",16,393,1.000597,1.0009227,1.0004885,1.0010312,100,300,300,200,100
"976",16,394,1.000597,1.0009227,1.0004885,1.0010312,100,100,300,200,100
"977",16,395,1.000597,1.0009227,1.0004885,1.0010312,114,100,300,200,100
"978",16,396,1.000597,1.0008141,1.0004885,1.0009227,100,100,300,100,100
"979",16,398,1.000597,1.0010312,1.0004885,1.0011398,100,200,300,17,100
"980",16,399,1.0007056,1.0010312,1.000597,1.0011398,200,200,21,17,100
"981",16,400,1.0007056,1.0010312,1.000597,1.0011398,200,300,20,17,100
"982",16,401,1.0007056,1.0010312,1.000597,1.0011398,200,100,20,17,100
"983",16,402,1.0009227,1.0012484,1.0008141,1.0014654,200,1,200,21,100
"984",16,403,1.0012484,1.0015739,1.0011398,1.0016825,200,200,21,200,100
"985",16,404,1.0012484,1.0016825,1.0011398,1.001791,200,200,21,21,100
"986",16,405,1.0012484,1.0016825,1.0011398,1.001791,300,100,21,21,100
"987",16,406,1.0012484,1.0015739,1.0011398,1.0016825,100,200,20,100,100
"988",16,407,1.0012484,1.0015739,1.0010312,1.0016825,100,200,21,100,100
"989",16,408,1.0012484,1.0015739,1.0010312,1.0016825,100,200,21,100,100
"990",16,409,1.0012484,1.0015739,1.0010312,1.0016825,100,200,21,100,100
"991",16,410,1.0012484,1.0015739,1.0010312,1.0016825,200,300,121,100,100
"992",16,411,1.0012484,1.0015739,1.0011398,1.0016825,200,300,21,100,100
"993",16,412,1.0012484,1.0015739,1.0010312,1.0016825,200,300,121,100,100
"994",16,414,1.0010312,1.0013568,1.0009227,1.0015739,100,3,21,100,100
"995",16,415,1.0010312,1.0014654,1.0009227,1.0015739,100,21,21,100,100
"996",16,416,1.0010312,1.0012484,1.000597,1.0013568,100,3,120,121,100
"997",16,417,1.0010312,1.0012484,1.000597,1.0013568,100,3,120,121,100
"998",16,418,1.0010312,1.0012484,1.000597,1.0013568,200,1703,120,121,100
"999",16,419,1.000597,1.0011398,1.0004885,1.0012484,120,100,21,1703,100
"1000",16,420,1.0008141,1.0011398,1.0007056,1.0012484,300,200,200,1703,100
"1001",16,421,1.0010312,1.0012484,1.0009227,1.0013568,200,1703,100,21,100
"1002",16,422,1.0010312,1.0012484,1.0009227,1.0013568,100,1703,100,21,100
"1003",16,423,1.0007056,1.0011398,1.000597,1.0012484,121,100,150,1703,100
"1004",16,424,1.0007056,1.0011398,1.000597,1.0012484,200,200,50,1703,100
"1005",16,426,1.000597,1.0011398,1.0004885,1.0012484,50,300,21,1803,100
"1006",16,427,1.000597,1.0011398,1.0004885,1.0012484,50,200,21,1803,100
"1007",16,428,1.0007056,1.0011398,1.000597,1.0012484,105,300,30,1803,100
"1008",16,429,1.0007056,1.0011398,1.000597,1.0012484,105,300,30,1803,100
"1009",16,431,1.0009227,1.0012484,1.0008141,1.0013568,200,1904,21,21,100
"1010",16,434,1.0008141,1.0012484,1.0007056,1.0013568,200,1900,21,21,100
"1011",16,436,1.0007056,1.0012484,1.000597,1.0013568,21,1900,21,21,100
"1012",16,437,1.0007056,1.0011398,1.0004885,1.0012484,325,453,321,2000,100
"1013",16,438,1.0008141,1.0011398,1.0007056,1.0012484,100,200,325,1900,100
"1014",16,439,1.0008141,1.0011398,1.0007056,1.0012484,100,300,25,1900,100
"1015",16,440,1.0008141,1.0011398,1.0004885,1.0012484,300,300,321,2000,100
"1016",16,441,1.0008141,1.0010312,1.0004885,1.0011398,200,100,321,300,100
"1017",16,442,1.0007056,1.0010312,1.0004885,1.0011398,200,200,321,300,100
"1018",16,443,1.0004885,1.0008141,1.0003799,1.0009227,21,100,21,100,100
"1019",16,444,1.000597,1.0009227,1.0003799,1.0010312,100,500,21,300,100
"1020",16,445,1.000597,1.0009227,1.0004885,1.0010312,100,400,21,300,100
"1021",16,446,1.0004885,1.0009227,1.0003799,1.0010312,21,400,21,200,100
"1022",16,447,1.000597,1.0010312,1.0004885,1.0011398,31,200,21,21,100
"1023",16,448,1.0007056,1.0010312,1.000597,1.0011398,200,100,31,5,100
"1024",16,449,1.0009227,1.0010312,1.000597,1.0011398,100,100,31,21,100
"1025",16,450,1.0007056,1.0010312,1.000597,1.0011398,200,100,200,21,100
"1026",16,451,1.0009227,1.0012484,1.0008141,1.0013568,400,200,245,21,100
"1027",16,452,1.0007056,1.0010312,1.000597,1.0011398,200,100,21,21,100
"1028",16,453,1.000597,1.0010312,1.0003799,1.0011398,208,1301,21,21,100
"1029",16,454,1.000597,1.0009227,1.0003799,1.0010312,101,300,100,1301,100
"1030",16,455,1.0003799,1.0007056,1.0002713,1.0008141,100,200,1825,300,100
"1031",16,456,1.0003799,1.0007056,1.0002713,1.0010312,100,200,1825,1301,100
"1032",16,457,1.0003799,1.0007056,1.0002713,1.0009227,100,200,1825,200,100
"1033",16,458,1.0003799,1.0008141,1.0002713,1.0009227,100,200,1825,200,100
"1034",16,459,1.0003799,1.0008141,1.0002713,1.0009227,100,153,1825,200,100
"1035",16,461,1.0003799,1.0008141,1.0002713,1.0009227,100,94,1825,200,100
"1036",16,462,1.0003799,1.0008141,1.0002713,1.0009227,100,194,1825,200,100
"1037",16,463,1.0003799,1.0007056,1.0002713,1.0008141,100,300,1825,194,100
"1038",16,464,1.0002713,1.000597,1.0001628,1.0008141,1825,107,21,194,100
"1039",16,465,1.0002713,1.0004885,1.0001628,1.000597,1825,100,21,107,100
"1040",16,466,0.9997286,1.0000542,0.9996201,1.0001628,21,200,100,21,100
"1041",16,467,0.999403,0.9997286,0.99918586,0.99983716,121,300,100,200,100
"1042",16,468,0.99929446,0.9996201,0.99918586,0.9997286,100,500,21,100,100
"1043",16,469,0.99929446,0.9996201,0.99918586,0.9997286,27,200,121,100,100
"1044",16,470,0.99929446,0.9996201,0.99918586,0.99983716,15,200,121,100,100
"1045",16,471,0.99929446,0.9996201,0.99918586,0.9997286,15,200,121,21,100
"1046",16,472,0.99929446,0.9996201,0.99918586,0.9997286,15,100,121,21,100
"1047",16,473,0.99951154,0.9999457,0.999403,1.0000542,500,100,300,21,100
"1048",16,476,0.9997286,1.0002713,0.9996201,1.000597,400,153,400,107,100
"1049",16,477,0.9997286,1.0002713,0.9996201,1.000597,400,53,400,7,100
"1050",16,478,0.999403,0.99983716,0.99929446,1.0002713,100,100,15,100,100
"1051",16,479,0.999403,0.99983716,0.99929446,1.000597,100,100,15,207,100
"1052",16,480,0.999403,1.0003799,0.99929446,1.0004885,100,300,15,608,100
"1053",16,481,0.99929446,0.9997286,0.99918586,0.99983716,21,200,121,200,100
"1054",16,482,0.99951154,0.99983716,0.999403,1.0004885,400,100,23,200,100
"1055",16,483,0.999403,0.9999457,0.99929446,1.000597,23,21,11,207,100
"1056",16,484,0.9996201,0.9999457,0.99951154,1.000597,413,21,300,207,100
"1057",16,485,0.9996201,0.9997286,0.99951154,0.99983716,100,100,100,21,100
"1058",16,486,0.99951154,0.9997286,0.999403,0.99983716,100,200,2,5,100
"1059",16,487,0.9997286,1.0000542,0.9996201,1.0004885,200,100,400,100,100
"1060",16,488,0.9997286,1.000597,0.9996201,1.0008141,200,107,100,21,100
"1061",16,489,0.9997286,1.0004885,0.9996201,1.000597,300,400,100,107,100
"1062",16,490,0.9997286,1.0000542,0.9996201,1.0001628,302,1,100,21,100
"1063",16,491,1.0000542,1.0004885,0.9999457,1.000597,500,53,21,107,100
"1064",16,492,1.0000542,1.0004885,0.9999457,1.000597,500,53,21,21,100
"1065",16,493,1.0000542,1.0004885,0.9999457,1.000597,500,53,21,21,100
"1066",16,494,1.0000542,1.0004885,0.9999457,1.000597,300,300,21,21,100
"1067",16,495,1.0000542,1.0004885,0.9999457,1.000597,300,200,21,21,100
"1068",16,496,1.0000542,1.0004885,0.9999457,1.000597,100,200,10,21,100
"1069",16,499,1.0001628,1.0004885,1.0000542,1.000597,100,100,21,115,100
"1070",16,500,1.0001628,1.000597,1.0000542,1.0007056,100,15,21,200,100
"1071",16,501,1.0001628,1.0004885,1.0000542,1.000597,100,200,21,10,100
"1072",16,502,1.0001628,1.000597,1.0000542,1.0007056,100,10,21,200,100
"1073",16,503,1.0002713,1.0007056,1.0001628,1.0008141,300,100,100,142,100
"1074",16,504,1.0004885,1.0008141,1.0003799,1.0010312,300,121,100,1301,100
"1075",16,505,1.0004885,1.0008141,1.0003799,1.0009227,100,121,100,20,100
"1076",16,506,1.0004885,1.0008141,1.0001628,1.0009227,100,121,100,20,100
"1077",16,507,1.0002713,1.0007056,1.0001628,1.0008141,187,300,100,121,100
"1078",16,508,1.0002713,1.0008141,1.0001628,1.0009227,187,100,100,20,100
"1079",16,510,1.0002713,1.0007056,1.0001628,1.0008141,187,253,100,300,100
"1080",16,511,1.0002713,1.000597,1.0001628,1.0007056,100,200,20,353,100
"1081",16,512,1.0002713,1.000597,1.0001628,1.0007056,100,400,20,353,100
"1082",16,513,1.0002713,1.000597,1.0001628,1.0007056,100,400,20,253,100
"1083",16,514,1.0002713,1.000597,1.0001628,1.0007056,100,600,20,254,100
"1084",16,516,1.0000542,1.0003799,0.9999457,1.0004885,21,400,10,300,100
"1085",16,517,0.9999457,1.0003799,0.9997286,1.0004885,10,200,400,100,100
"1086",16,518,0.9999457,1.0003799,0.9997286,1.0004885,10,300,400,100,100
"1087",16,521,1.0002713,1.000597,1.0001628,1.0007056,200,100,300,54,100
"1088",16,522,1.0002713,1.000597,1.0001628,1.0007056,200,1,100,54,100
"1089",16,523,1.0002713,1.0007056,0.9999457,1.0008141,200,254,10,200,100
"1090",16,524,1.0001628,1.000597,0.9999457,1.0007056,200,500,10,254,100
"1091",16,525,1.0000542,1.000597,0.9999457,1.0007056,200,400,10,154,100
"1092",16,531,0.9999457,1.000597,0.9997286,1.0007056,10,400,405,154,100
"1093",16,532,0.9997286,1.0003799,0.9996201,1.0004885,400,200,21,200,100
"1094",16,533,0.9997286,1.0003799,0.9996201,1.0004885,300,200,21,200,100
"1095",16,534,0.9997286,1.0003799,0.9996201,1.0007056,400,200,21,154,100
"1096",16,536,0.999403,0.9999457,0.99929446,1.0000542,7,200,20,200,100
"1097",16,537,0.999403,0.9999457,0.99929446,1.0000542,7,200,20,20,100
"1098",16,538,0.999403,0.9999457,0.99929446,1.0000542,7,300,20,20,100
"1099",16,539,0.999403,0.9999457,0.99929446,1.0000542,7,300,20,20,100
"1100",16,540,0.99951154,0.9999457,0.999403,1.0002713,200,300,7,1600,100
"1101",16,541,0.99951154,0.9999457,0.999403,1.0002713,200,100,7,1600,100
"1102",16,545,0.999403,0.99983716,0.99929446,0.9999457,107,300,20,100,100
"1103",16,546,0.999403,0.99983716,0.99929446,0.9999457,107,300,20,200,100
"1104",16,547,0.999403,0.99983716,0.99929446,0.9999457,107,300,20,100,100
"1105",16,551,0.9990773,0.99951154,0.99886024,0.9996201,21,301,20,100,100
"1106",16,552,0.99929446,0.99951154,0.99918586,0.9996201,100,101,20,100,100
"1107",16,554,0.99918586,0.99951154,0.9990773,0.9996201,20,101,21,100,100
"1108",16,555,0.99918586,0.99951154,0.9990773,0.9996201,20,101,21,100,100
"1109",16,556,0.9990773,0.999403,0.99886024,0.99951154,10,700,20,101,100
"1110",16,557,0.9990773,0.999403,0.99886024,0.99951154,10,700,20,1,100
"1111",16,558,0.99918586,0.999403,0.9990773,0.99951154,100,200,10,1,100
"1112",16,559,0.99929446,0.99983716,0.9990773,0.9999457,300,200,10,200,100
"1113",16,561,0.99929446,1.0000542,0.9990773,1.0001628,300,400,10,20,100
"1114",16,562,0.99929446,1.0000542,0.9990773,1.0001628,300,200,10,20,100
"1115",16,564,0.99929446,0.9999457,0.9990773,1.0001628,300,100,10,20,100
"1116",16,565,0.99929446,0.99983716,0.9990773,0.9999457,300,200,10,100,100
"1117",16,566,0.99951154,0.99983716,0.9990773,1.0001628,300,100,110,420,100
"1118",16,569,0.9996201,1.0000542,0.9990773,1.0001628,200,300,110,400,100
"1119",16,571,0.9997286,1.0001628,0.9996201,1.0002713,300,400,100,1600,100
"1120",16,572,0.9997286,1.0001628,0.9996201,1.0002713,100,400,100,1600,100
"1121",16,573,0.99951154,0.9999457,0.9990773,1.0000542,200,100,210,320,100
"1122",16,574,0.99951154,1.0000542,0.9990773,1.0001628,200,300,210,400,100
"1123",16,575,0.99983716,1.0000542,0.9997286,1.0001628,100,401,20,400,100
"1124",16,576,0.99983716,1.0002713,0.9997286,1.0003799,20,1500,20,20,100
"1125",16,578,0.9997286,1.0001628,0.99951154,1.0002713,20,200,100,1500,100
"1126",16,579,0.9997286,1.0001628,0.99918586,1.0002713,20,200,408,1500,100
"1127",16,580,0.9997286,1.0001628,0.99918586,1.0002713,20,300,408,1500,100
"1128",16,581,0.99983716,1.0001628,0.9997286,1.0002713,200,100,20,1500,100
"1129",16,582,0.99983716,1.0001628,0.9997286,1.0002713,200,300,20,1500,100
"1130",16,583,0.9997286,1.0001628,0.99951154,1.0002713,20,300,100,1500,100
"1131",16,584,0.9997286,1.0001628,0.99918586,1.0002713,20,300,408,1500,100
"1132",16,585,0.99951154,0.9999457,0.99918586,1.0000542,400,100,300,100,100
"1133",16,586,0.99951154,0.9997286,0.99918586,1.0000542,300,115,300,100,100
"1134",16,587,0.99951154,0.9997286,0.99918586,1.0000542,300,215,300,100,100
"1135",16,588,0.99951154,0.9997286,0.99918586,1.0000542,400,115,300,100,100
"1136",16,589,0.99951154,0.9997286,0.99918586,0.99983716,400,115,300,20,100
"1137",16,590,0.99951154,0.9997286,0.999403,0.99983716,400,115,4,20,100
"1138",16,593,0.9990773,0.9996201,0.99886024,0.9997286,101,500,20,115,100
"1139",16,594,0.9990773,0.99951154,0.99886024,0.9996201,121,300,20,300,100
"1140",16,595,0.9990773,0.99951154,0.99886024,0.9996201,121,300,20,100,100
"1141",16,597,0.99918586,0.99951154,0.9990773,0.9996201,200,321,121,100,100
"1142",16,598,0.9990773,0.99951154,0.99886024,0.9996201,121,321,20,100,100
"1143",31,0,0.9995361,1.0000774,0.99945873,1.000232,20,3,2,129,100
"1144",31,4,0.9995361,0.9998454,0.99945873,1.0000774,20,27,2,3,100
"1145",31,5,0.9995361,0.9998454,0.99945873,1.0000774,20,28,2,3,100
"1146",31,6,0.9996134,0.9998454,0.9995361,1.0000774,300,28,70,3,100
"1147",31,7,0.9996134,0.9998454,0.9995361,1.0000774,300,27,70,105,100
"1148",31,8,0.9996134,0.9998454,0.9995361,1.0000774,402,27,20,5,100
"1149",31,9,0.9996134,0.9998454,0.9995361,1.0000774,302,27,20,5,100
"1150",31,11,0.9996907,1.0000774,0.9996134,1.000232,100,5,72,129,100
"1151",31,14,0.9996134,1.0000774,0.99945873,1.000232,372,5,50,129,100
"1152",31,16,0.999768,1.0000774,0.9996134,1.000232,620,1,72,29,100
"1153",31,17,0.999768,1.0000774,0.9996134,1.000232,370,1,22,29,100
"1154",31,19,0.999768,1.0000774,0.9996134,1.000232,100,1,22,29,100
"1155",31,20,0.9998454,1.0000774,0.999768,1.000232,50,1,122,29,100
"1156",31,21,0.9998454,1.000232,0.999768,1.0003092,77,29,22,200,100
"1157",31,25,0.9998454,1.000232,0.999768,1.0003092,77,29,22,100,100
"1158",31,27,0.9999227,1.000232,0.9998454,1.0003092,377,13,100,100,100
"1159",31,28,0.9998454,1.000232,0.999768,1.0003092,377,13,5,100,100
"1160",31,29,0.999768,1.000232,0.9995361,1.0003092,79,13,3,100,100
"1161",31,30,0.999768,1.000232,0.9996134,1.0003092,129,13,50,100,100
"1162",31,31,0.999768,1.000232,0.9995361,1.0003092,79,13,3,100,100
"1163",31,32,0.999768,1.000232,0.9995361,1.0003092,79,114,3,100,100
"1164",31,34,0.999768,1.000232,0.9996134,1.0003092,80,114,50,100,100
"1165",31,35,0.999768,1.000232,0.9995361,1.0003092,80,114,3,100,100
"1166",31,37,0.999768,1.000232,0.9995361,1.0003092,80,114,153,100,100
"1167",31,38,0.999768,1.000232,0.9995361,1.0003092,80,114,3,100,100
"1168",31,39,0.999768,1.000232,0.9995361,1.0003092,1,17,162,100,100
"1169",31,40,0.999768,1.000232,0.9995361,1.0003092,1,17,62,100,100
"1170",31,41,0.9995361,1.0001546,0.9993041,1.000232,62,100,420,17,100
"1171",31,42,0.9996134,1,0.9995361,1.0001546,210,1,146,20,100
"1172",31,43,0.9996134,1,0.9995361,1.000232,210,1,146,16,100
"1173",31,44,0.9996134,1,0.9995361,1.000232,210,101,146,116,100
"1174",31,48,0.9996134,1,0.9995361,1.0001546,60,101,146,50,100
"1175",31,49,0.9996134,1,0.9995361,1.0001546,1,151,205,50,100
"1176",31,50,0.9995361,1,0.9993041,1.0000774,102,101,420,53,100
"1177",31,51,0.9995361,0.9998454,0.9993814,1,102,1,100,100,100
"1178",31,52,0.9995361,0.9998454,0.9993814,0.9999227,102,101,100,150,100
"1179",31,53,0.9995361,0.9998454,0.9993814,0.9999227,102,101,100,150,100
"1180",31,54,0.9995361,0.9998454,0.9993814,0.9999227,102,101,100,100,100
"1181",31,55,0.9995361,0.9998454,0.9993814,0.9999227,103,101,100,150,100
"1182",31,56,0.9995361,0.9998454,0.9993814,0.9999227,103,101,100,100,100
"1183",31,57,0.9995361,0.9998454,0.9993814,0.9999227,103,101,100,150,100
"1184",31,58,0.9995361,0.999768,0.9993814,0.9998454,103,50,100,101,100
"1185",31,59,0.9995361,0.999768,0.9993814,0.9998454,103,1,100,100,100
"1186",31,62,0.9995361,0.999768,0.9993814,0.9998454,103,7,100,100,100
"1187",31,64,0.9995361,0.999768,0.9993814,0.9998454,1,7,159,100,100
"1188",31,69,0.9995361,0.999768,0.9993814,0.9998454,1,7,159,150,100
"1189",31,70,0.9995361,0.999768,0.9993814,0.9998454,1,7,159,100,100
"1190",31,71,0.9995361,0.999768,0.9993814,0.9998454,1,7,159,150,100
"1191",31,72,0.9995361,0.999768,0.9993814,0.9998454,1,7,159,100,100
"1192",31,73,0.9995361,0.999768,0.9993814,0.9998454,1,7,159,150,100
"1193",31,75,0.9995361,0.9996907,0.9993814,0.999768,1,50,159,7,100
"1194",31,76,0.9995361,0.9996907,0.9993814,0.999768,1,6,159,1,100
"1195",31,77,0.9995361,0.9996907,0.9993814,0.9998454,1,7,159,100,100
"1196",31,81,0.9996134,1.0001546,0.9993814,1.000232,98,33,100,114,100
"1197",31,82,0.9996134,1.0001546,0.9993814,1.000232,60,33,100,165,100
"1198",31,83,0.9996134,1.0001546,0.9993814,1.000232,60,33,100,115,100
"1199",31,85,0.9996134,1.0001546,0.9993814,1.000232,1,33,159,115,100
"1200",31,87,0.9996134,1.0001546,0.9993814,1.000232,60,33,100,115,100
"1201",31,91,0.9996134,1.0001546,0.9993814,1.000232,60,33,100,115,100
"1202",31,93,0.9996134,1.0001546,0.9993814,1.000232,1,33,159,115,100
"1203",31,94,0.9996134,1.0001546,0.9993814,1.000232,1,33,259,115,100
"1204",31,95,0.9996134,1.0001546,0.99945873,1.000232,1,33,59,115,100
"1205",31,98,0.9996134,1.0001546,0.9993814,1.000232,1,83,159,115,100
"1206",31,100,0.9996134,1.0001546,0.9995361,1.000232,1,83,20,115,100
"1207",31,102,0.9996134,1.0001546,0.9995361,1.000232,25,83,79,115,100
"1208",31,107,0.9996134,1.0001546,0.9995361,1.000232,25,33,79,215,100
"1209",31,108,0.9996134,1.0001546,0.9995361,1.000232,75,35,79,214,100
"1210",31,109,0.9996134,1.0001546,0.9995361,1.000232,234,33,20,215,100
"1211",31,111,0.9996134,1.0001546,0.9995361,1.000232,25,33,79,215,100
"1212",31,114,0.9996134,1.0001546,0.9995361,1.000232,25,33,79,214,100
"1213",31,117,0.9996134,1.0001546,0.9995361,1.000232,25,133,79,114,100
"1214",31,119,0.9996134,1.0001546,0.9995361,1.000232,25,133,79,14,100
"1215",31,124,0.9996134,1.0001546,0.9995361,1.000232,25,133,79,14,100
"1216",31,125,0.9996134,1.0001546,0.9995361,1.000232,75,133,20,14,100
"1217",31,126,0.9996134,1.0001546,0.9995361,1.000232,84,133,20,14,100
"1218",31,127,0.9996134,1.0001546,0.9995361,1.000232,84,133,20,14,100
"1219",31,128,0.9996134,1.0001546,0.9995361,1.000232,25,133,20,14,100
"1220",31,129,1.0003866,1.000696,1.0001546,1.0009278,62,100,20,4,100
"1221",31,130,1.0005412,1.0009278,1.000464,1.0010052,59,4,20,31,100
"1222",31,131,1.0005412,1.0009278,1.000464,1.0010052,109,4,20,31,100
"1223",31,132,1.0006186,1.0010052,1.000464,1.0011598,79,31,3,3,100
"1224",31,133,1.0006186,1.0010052,1.0005412,1.0011598,79,81,200,3,100
"1225",31,134,1.000696,1.0011598,1.0006186,1.0013145,59,8,20,15,100
"1226",31,137,1.000696,1.0011598,1.0006186,1.0013145,259,8,20,15,100
"1227",31,139,1.000696,1.0011598,1.0006186,1.0013145,263,8,20,15,100
"1228",31,144,1.000696,1.0011598,1.0006186,1.0013145,263,208,20,15,100
"1229",31,145,1.000696,1.0011598,1.0006186,1.0013145,263,208,20,15,100
"1230",31,147,1.000696,1.0010825,1.0006186,1.0011598,263,25,20,208,100
"1231",31,148,1.000696,1.0011598,1.0006186,1.0012372,263,208,20,25,100
"1232",31,149,1.000696,1.0011598,1.0006186,1.0013145,263,208,20,40,100
"1233",31,150,1.000696,1.0011598,1.0006186,1.0012372,263,208,20,25,100
"1234",31,151,1.000696,1.0011598,1.0006186,1.0012372,263,208,20,25,100
"1235",31,152,1.000696,1.0011598,1.0006186,1.0012372,263,208,20,25,100
"1236",31,153,1.000696,1.0010825,1.0006186,1.0011598,263,50,20,208,100
"1237",31,154,1.000696,1.0011598,1.0006186,1.0013145,263,208,20,65,100
"1238",31,155,1.000696,1.0011598,1.0006186,1.0013145,263,208,20,15,100
"1239",31,158,1.000696,1.0011598,1.0006186,1.0012372,263,208,20,50,100
"1240",31,162,1.000696,1.0011598,1.0006186,1.0012372,263,228,20,90,100
"1241",31,163,1.0001546,1.0008506,1.0000774,1.0009278,353,50,14,200,100
"1242",31,164,1.000232,1.0010052,1.0001546,1.0010825,22,113,153,150,100
"1243",31,165,1.000232,1.0010052,1.0001546,1.0010825,22,113,53,150,100
"1244",31,166,1.000232,1.0010052,1.0001546,1.0010825,22,113,53,100,100
"1245",31,170,1.000232,1.0010052,1.0001546,1.0010825,22,113,53,100,100
"1246",31,172,1.000232,1.0010052,1.0001546,1.0010825,22,113,78,100,100
"1247",31,173,1.000232,1.0010052,1.0001546,1.0010825,22,113,78,100,100
"1248",31,174,1.000232,1.0009278,1.0001546,1.0010052,122,25,53,38,100
"1249",31,175,1.0001546,1.0008506,1,1.0009278,53,25,25,151,100
"1250",31,181,1,1.0008506,0.9999227,1.0009278,25,25,100,151,100
"1251",31,182,1,1.0007732,0.9998454,1.0008506,25,25,153,60,100
"1252",31,183,1,1.0007732,0.9998454,1.0008506,25,25,153,61,100
"1253",31,185,1,1.0007732,0.9998454,1.0008506,25,31,153,55,100
"1254",31,186,1,1.0007732,0.9998454,1.0008506,25,6,153,55,100
"1255",31,187,1,1.0007732,0.9998454,1.0008506,25,6,153,54,100
"1256",31,188,1,1.0007732,0.9998454,1.0008506,25,31,153,55,100
"1257",31,189,1,1.0007732,0.9998454,1.0008506,25,31,153,57,100
"1258",31,191,1,1.000696,0.9998454,1.0007732,25,44,53,132,100
"1259",31,192,1,1.000696,0.9996134,1.0007732,25,6,39,107,100
"1260",31,193,1,1.000696,0.9996907,1.0007732,25,6,25,107,100
"1261",31,194,1,1.0006186,0.9996134,1.000696,25,25,14,31,100
"1262",31,195,1,1.0005412,0.9996134,1.0006186,25,25,14,31,100
"1263",31,197,1,1.0006186,0.9996134,1.000696,25,6,14,25,100
"1264",31,198,1,1.0006186,0.9996134,1.000696,25,6,14,25,100
"1265",31,199,1,1.000464,0.9996134,1.0005412,25,25,14,31,100
"1266",31,200,1,1.000464,0.9996134,1.0005412,25,25,14,32,100
"1267",31,202,1,1.000464,0.9996134,1.0005412,25,31,14,25,100
"1268",31,204,1,1.000464,0.9996134,1.0005412,25,31,14,28,100
"1269",31,207,1,1.000464,0.9996134,1.0005412,25,31,14,27,100
"1270",31,208,1,1.000464,0.9996134,1.0005412,25,31,14,27,100
"1271",31,209,1,1.000464,0.9996134,1.0005412,25,6,14,27,100
"1272",31,210,1,1.000464,0.9996134,1.0005412,25,6,14,2,100
"1273",31,211,1,1.000464,0.9996134,1.000696,25,6,14,25,100
"1274",31,212,1,1.000464,0.9996134,1.0006186,25,6,14,25,100
"1275",31,213,1,1.000464,0.9996134,1.0006186,25,6,14,25,100
"1276",31,214,1,1.000464,0.9996134,1.000696,25,6,14,25,100
"1277",31,215,1,1.000464,0.9996134,1.0005412,25,6,14,25,100
"1278",31,216,1,1.000464,0.9996134,1.0005412,25,6,14,25,100
"1279",31,217,1,1.000464,0.9996134,1.0005412,25,6,14,27,100
"1280",31,218,0.9996907,1.0003092,0.9996134,1.0003866,500,65,14,31,100
"1281",31,219,0.9996134,1.000232,0.9995361,1.0003092,14,100,200,133,100
"1282",31,220,0.9996134,1.0000774,0.9995361,1.0003092,14,100,102,31,100
"1283",31,221,0.9996134,1.0000774,0.9995361,1.0003092,14,100,102,31,100
"1284",31,222,0.9996134,1.0000774,0.9995361,1.0003092,14,100,102,71,100
"1285",31,223,0.9996134,1.0000774,0.9995361,1.0003092,14,106,102,71,100
"1286",31,225,0.9996134,1.0000774,0.9995361,1.0001546,14,106,102,25,100
"1287",31,226,0.9996134,1.0000774,0.9995361,1.0001546,14,131,102,25,100
"1288",31,227,0.999768,1.0000774,0.9996134,1.0003092,10,100,114,31,100
"1289",31,228,0.9996134,1.0000774,0.9995361,1.000232,14,100,102,25,100
"1290",31,229,0.9996134,1.0000774,0.9995361,1.0001546,14,125,102,25,100
"1291",31,230,0.9996134,1.0000774,0.9995361,1.0003092,14,100,102,31,100
"1292",31,231,0.9996134,1.0000774,0.9995361,1.000232,14,100,102,25,100
"1293",31,232,0.9996134,1,0.9995361,1.0000774,14,25,102,125,100
"1294",31,233,0.9996134,1.0000774,0.9995361,1.0001546,14,125,102,25,100
"1295",31,234,0.9996134,1.0000774,0.9995361,1.0001546,14,125,102,25,100
"1296",31,235,0.9996134,1,0.9995361,1.0000774,14,25,102,125,100
"1297",31,239,0.9996134,0.9999227,0.9995361,1,14,25,102,28,100
"1298",31,241,0.9996134,0.9999227,0.9995361,1,14,25,102,128,100
"1299",31,247,0.9996134,0.9998454,0.9995361,0.9999227,14,25,102,28,100
"1300",31,251,0.9995361,0.9996134,0.9993814,0.9996907,102,25,100,50,100
"1301",31,254,0.9995361,0.9996134,0.9993814,0.9996907,102,25,100,50,100
"1302",31,256,0.9995361,0.9996134,0.9993814,0.9996907,300,25,100,25,100
"1303",31,257,0.9995361,0.9996134,0.9993814,0.9996907,300,25,100,26,100
"1304",31,258,0.9995361,0.9996134,0.9993814,0.9996907,301,25,100,25,100
"1305",31,260,0.9993814,0.9996134,0.9993041,0.9996907,300,50,401,50,100
"1306",31,261,0.9993814,0.9996134,0.9993041,0.9996907,300,1,401,50,100
"1307",31,262,0.9992268,0.9995361,0.99914944,0.9996907,13,50,1,200,100
"1308",31,263,0.99914944,0.99945873,0.9989948,0.9996134,3,50,103,51,100
"1309",31,264,0.99914944,0.99945873,0.9989948,0.999768,3,1,103,250,100
"1310",31,265,0.99914944,0.99945873,0.9989948,0.9995361,3,1,103,6,100
"1311",31,268,0.99914944,0.9995361,0.9989948,0.9996134,53,6,153,2,100
"1312",31,269,0.99914944,0.9995361,0.9989948,0.9996134,3,6,53,2,100
"1313",31,270,0.99914944,0.9995361,0.9989948,0.9996134,53,6,153,2,100
"1314",31,271,0.99914944,0.9995361,0.9989948,0.9996134,3,6,53,2,100
"1315",31,272,0.99914944,0.9995361,0.9989948,0.9996134,53,6,153,2,100
"1316",31,274,0.99914944,0.9995361,0.9989948,0.9996134,53,6,154,2,100
"1317",31,275,0.99914944,0.9995361,0.99907213,0.9996134,28,6,25,2,100
"1318",31,276,0.99914944,0.9995361,0.9989948,0.9996134,3,6,29,2,100
"1319",31,277,0.9992268,0.9995361,0.99914944,0.9996134,25,6,3,2,100
"1320",31,278,0.9992268,0.9995361,0.99914944,0.9996134,25,6,2,2,100
"1321",31,280,0.9996134,1.0000774,0.9995361,1.0001546,20,200,120,225,100
"1322",31,281,0.9995361,1,0.99945873,1.0000774,120,125,100,225,100
"1323",31,282,0.9995361,1,0.99945873,1.0000774,20,145,200,271,100
"1324",31,283,0.9995361,1,0.99945873,1.0000774,20,25,200,271,100
"1325",31,284,0.9995361,0.9998454,0.99945873,0.9999227,20,25,200,125,100
"1326",31,285,0.9995361,0.9998454,0.99945873,0.9999227,20,25,200,25,100
"1327",31,286,0.9995361,1,0.99945873,1.0000774,20,6,200,240,100
"1328",31,287,0.9995361,1,0.99945873,1.0000774,20,6,200,200,100
"1329",31,290,0.9995361,1,0.99945873,1.0000774,20,6,200,100,100
"1330",31,291,0.9995361,1,0.99945873,1.0000774,20,6,200,100,100
"1331",31,292,0.9996907,1.0000774,0.9995361,1.000232,20,100,200,25,100
"1332",31,293,0.9993041,0.9999227,0.9992268,1.0000774,400,100,300,125,100
"1333",31,294,0.99945873,0.9999227,0.9993041,1.0000774,338,100,300,100,100
"1334",31,295,0.9996907,1.0000774,0.9996134,1.0003092,200,100,300,100,100
"1335",31,302,0.9996907,1.0000774,0.9995361,1.0003092,100,100,137,100,100
"1336",31,304,0.9996907,1.0000774,0.9995361,1.0003092,100,100,37,100,100
"1337",31,305,0.9995361,0.9998454,0.99945873,0.9999227,37,50,300,50,100
"1338",31,307,0.9995361,1,0.99945873,1.0000774,37,50,300,150,100
"1339",31,308,0.9995361,1,0.99945873,1.0000774,37,150,300,150,100
"1340",31,309,0.9995361,1.0000774,0.99945873,1.0003092,37,100,300,100,100
"1341",31,310,0.9996134,1.0000774,0.9995361,1.0003092,100,100,37,100,100
"1342",31,311,0.9996134,1.0000774,0.9995361,1.000232,100,200,37,50,100
"1343",31,312,0.9996134,1.0000774,0.9995361,1.0003092,100,200,37,100,100
"1344",31,313,0.9996134,1.0000774,0.9995361,1.0003092,100,200,37,100,100
"1345",31,315,0.9996134,1.0000774,0.9995361,1.0003092,100,200,37,100,100
"1346",31,317,0.9996907,1.0000774,0.9996134,1.0003092,350,200,50,100,100
"1347",31,324,0.9996907,1.0000774,0.9996134,1.0003092,250,200,50,100,100
"1348",31,327,0.9996907,1.0000774,0.9996134,1.0003092,251,200,50,100,100
"1349",31,329,1.0001546,1.000464,1,1.0005412,300,1,200,100,100
"1350",31,330,1.000464,1.0009278,1.0003866,1.0010052,100,100,100,55,100
"1351",31,331,1.000464,1.0009278,1.0003092,1.0010052,100,100,50,5,100
"1352",31,332,1.000464,1.0009278,1.0001546,1.0010052,100,100,100,5,100
"1353",31,333,1.000464,1.0009278,1.0003866,1.0010052,100,100,100,5,100
"1354",31,334,1.0005412,1.0009278,1.0003092,1.0010052,100,100,200,5,100
"1355",31,335,1.0005412,1.0009278,1.0003092,1.0010052,100,100,53,5,100
"1356",31,337,1.0005412,1.0009278,1.0003092,1.0010052,100,100,53,5,100
"1357",31,338,1.0005412,1.0009278,1.0003092,1.0010052,100,100,53,5,100
"1358",31,339,1.0005412,1.0009278,1.0003092,1.0010052,101,100,3,5,100
"1359",31,340,1.0005412,1.0009278,1.0003092,1.0010052,101,100,3,5,100
"1360",31,341,1.0005412,1.0009278,1.0003092,1.0010052,101,100,3,5,100
"1361",31,342,1.000232,1.0009278,1.0001546,1.0010052,360,220,147,25,100
"1362",31,343,1.000232,1.0009278,1.0001546,1.0010052,360,220,147,25,100
"1363",31,346,1.0003866,1.0009278,1.0003092,1.0010052,350,100,300,5,100
"1364",31,347,1.0003866,1.0009278,1.000232,1.0011598,100,100,160,103,100
"1365",31,348,1.000464,1.0009278,1.0003092,1.0011598,100,100,50,103,100
"1366",31,351,1.000464,1.0009278,1.000232,1.0011598,100,100,210,103,100
"1367",31,352,1.0005412,1.0009278,1.0003866,1.0011598,100,100,50,103,100
"1368",31,353,1.0005412,1.0009278,1.0003092,1.0011598,100,100,3,103,100
"1369",31,354,1.0005412,1.0009278,1.000464,1.0011598,100,100,50,103,100
"1370",31,355,1.0008506,1.0013145,1.0007732,1.0015464,100,15,10,167,100
"1371",31,356,1.0008506,1.0013145,1.0006186,1.0015464,101,15,103,167,100
"1372",31,357,1.0008506,1.0013145,1.000696,1.0015464,151,15,50,167,100
"1373",31,359,1.0008506,1.0013145,1.000696,1.0015464,351,15,200,167,100
"1374",31,364,1.0008506,1.0013145,1.000696,1.0014691,351,15,200,66,100
"1375",31,365,1.0008506,1.0013145,1.000696,1.0014691,372,15,200,66,100
"1376",31,366,1.0008506,1.0013145,1.000696,1.0014691,545,15,200,66,100
"1377",31,372,1.0008506,1.0013145,1.000696,1.0014691,395,21,200,66,100
"1378",31,373,1.0008506,1.0013145,1.000696,1.0014691,395,21,150,66,100
"1379",31,374,1.0008506,1.0013145,1.000696,1.0014691,395,21,150,66,100
"1380",31,375,1.0008506,1.0012372,1.000696,1.0013145,365,43,150,18,100
"1381",31,377,1.0008506,1.0012372,1.000696,1.0013145,230,43,150,18,100
"1382",31,378,1.0008506,1.0012372,1.000696,1.0013145,330,43,150,18,100
"1383",31,379,1.0008506,1.0012372,1.000696,1.0013145,230,43,150,18,100
"1384",31,380,1.0008506,1.0012372,1.000696,1.0013145,330,43,150,18,100
"1385",31,381,1.0009278,1.0012372,1.0008506,1.0013145,70,43,160,18,100
"1386",31,382,1.0009278,1.0012372,1.0008506,1.0013145,71,43,159,18,100
"1387",31,384,1.0009278,1.0010825,1.0008506,1.0011598,1,50,229,6,100
"1388",31,385,1.0009278,1.0011598,1.0008506,1.0012372,1,6,229,37,100
"1389",31,387,1.0009278,1.0011598,1.0008506,1.0012372,1,56,229,37,100
"1390",31,389,1.0009278,1.0011598,1.0008506,1.0012372,1,6,229,37,100
"1391",31,398,1.0009278,1.0011598,1.0008506,1.0012372,71,6,159,37,100
"1392",31,400,1.0009278,1.0011598,1.0008506,1.0012372,71,6,179,37,100
"1393",31,402,1.0012372,1.0015464,1.0011598,1.0016237,71,159,20,21,100
"1394",31,403,1.0009278,1.0014691,1.0008506,1.0015464,270,1,209,100,100
"1395",31,408,1.0009278,1.0014691,1.0008506,1.0015464,270,1,188,100,100
"1396",31,409,1.0009278,1.0014691,1.0008506,1.0015464,370,1,188,100,100
"1397",31,416,1.0013918,1.0020877,1.0013145,1.002165,370,128,56,100,100
"1398",31,417,1.0013918,1.0020877,1.0010825,1.002165,1,128,109,3,100
"1399",31,419,1.0013918,1.0020877,1.0010825,1.002165,1,228,109,3,100
"1400",31,420,1.0013918,1.0020877,1.0012372,1.002165,1,228,50,3,100
"1401",31,421,1.0013918,1.0020877,1.0012372,1.002165,1,228,120,3,100
"1402",31,422,1.0013918,1.0020877,1.0012372,1.002165,121,228,50,3,100
"1403",31,426,1.0013918,1.0020877,1.0012372,1.002165,71,228,50,3,100
"1404",31,427,1.0013918,1.0020103,1.0012372,1.0020877,1,106,120,106,100
"1405",31,428,1.0013918,1.0020103,1.0012372,1.0020877,1,106,120,106,100
"1406",31,430,1.0013918,1.0020103,1.0012372,1.0020877,1,106,120,106,100
"1407",31,432,1.0013918,1.0020103,1.0012372,1.0020877,51,106,120,106,100
"1408",31,434,1.0013918,1.0020103,1.0012372,1.0020877,1,106,25,106,100
"1409",31,435,1.0013918,1.0020103,1.0013145,1.0020877,71,106,25,106,100
"1410",31,436,1.0014691,1.0020103,1.0013918,1.0020877,70,106,1,106,100
